2864 4960
658 387 994 462 asa--

281 569 282 572 '
342 569 452 650 Erant
472 584 507 646 66
525 577 688 663 demiurgi
705 595 767 664 pro
781 576 947 660 civitatum
961 595 1107 666 numero,
1121 575 1237 644 donec
1252 578 1363 648 decem
1414 575 1415 668 j

258 677 438 769 demiurgi,
458 676 618 766 iidemque
629 697 690 766 pro
708 675 877 742 civitatum
892 675 1114 743 Achaicarunr
1128 679 1290 746 societati
1304 681 1362 746 ad·

258 781 454 868 scriptarum
481 797 633 865 numero,
669 777 749 864 lege
777 777 1061 866 instituerentur,
1072 797 1226 846 summus
1258 781 1415 868 populi

257 881 397 948 Achaici
416 880 632 968 magistratus
665 875 773 964 (Plut.
795 877 891 943 Arat.
914 895 942 942 c.
963 881 1014 942 46.
1035 879 1155 966 Polyb.
1178 881 1305 947 Xxvll
1306 865 1415 1022 ,lh
1414 939 1415 950 ,

258 985 309 1044 11.
330 980 385 1046 ubi
405 973 469 1056 τὰς
492 981 679 1062 συναρχίας
699 973 742 1042 66
768 974 950 1065 damiurgis
970 979 1188 1066 interpretor,
1212 980 1255 1044 ci.
1277 979 1361 1046 Titt-

256 1097 366 1146 mann
396 1081 418 1144 l.
440 1097 469 1144 6.
489 1101 520 1168 p.
541 1079 615 1144 687.
646 1075 788 1144 Schorn.
810 1079 831 1144 l.
853 1095 882 1142 c.
903 1099 935 1164 p.
956 1079 1007 1142 66.
1036 1079 1110 1145 Liv.
1133 1083 1287 1166 XXXII,
1312 1081 1360 1143 22

254 1179 393 1246 damiur
408 1199 445 1246 66
454 1181 577 1269 gentis,
585 1181 761 1266 xxxviii
767 1180 818 1242 66.
825 1175 1014 1265 damiurgos
1032 1177 1252 1265 civitatum..)
1275 1173 1360 1258 Quos

224 1291 353 1367 *quum
379 1199 495 1346 {iuius
523 1277 618 1346 modo
647 1279 828 1365 civitatum,
859 1275 954 1344 modo
984 1278 1096 1380 gentis
1125 1280 1359 1368 magistratum

253 1385 436 1468 nuncupet,
466 1379 626 1466 sequitur,
654 1397 698 1445 ex
725 1395 853 1465 quaque
887 1375 1036 1443 Achaiae
1056 1363 1194 1445 urbes
1216 1379 1357 1464 civitate,

255 1489 392 1568 quarum
412 1478 528 1545 decem
542 1479 738 1565 superstites
749 1478 941 1545 societatem
955 1495 1143 1546 renovasse
1158 1483 1357 1566 compertum

253 1579 425 1666 hahemus,
445 1597 545 1644 unum
565 1575 772 1667 damiurgum
793 1595 872 1645 esse
893 1579 1042 1668 electum,
1063 1579 1184 1646 horum
1201 1597 1285 1647 vero
1299 1577 1355 1644 de-

254 1695 327 1746 cem
363 1677 607 1767 damiurgorum
640 1677 830 1768 collegium,
865 1676 975 1746 addito
1005 1682 1172 1768 magistro
1206 1678 1354 1766 equiturn,

124 1810 126 1815 .
216 1849 220 1858 ,
252 1785 408 1868 praetore
428 1768 776 1867 praeside,'summum
796 1771 1005 1845 Achaeorum
1024 1781 1140 1868 gentis
1161 1780 1268 1846 fuisse
1286 1796 1353 1846 ma-

252 1881 439 1968 gistratum.
480 1879 577 1946 Ilaec
597 1884 653 1946 est
673 1884 849 1965 γερουσία,
879 1897 976 1965 quam
995 1897 1097 1968 supra
1118 1895 1354 1948 commemora·

252 1981 367 2047 vimus.
409 1981 466 2048 hlx
485 1979 527 2046 iis
539 1983 658 2046 ¹autem
678 1977 875 2068 civitatibus,
897 1997 982 2066 quae
1002 1985 1100 2047 extra
1120 1980 1287 2050 Achaiam
1300 1995 1352 2043 se-

253 2081 332 2146 riori
351 2085 500 2171 tempore
520 2078 564 2146 ad
584 2073 778 2147 societatem
790 2087 1017 2168 accesserant,
1034 2079 1203 2170 demiurgi
1216 2100 1283 2148 non
1295 2079 1352 2144 eli-

253 2181 438 2269 gebantur.
464 2181 544 2250 -Res
571 2181 774 2270 potissimmn
794 2179 994 2248 domesticas
1015 2186 1050 2249 et
1069 2183 1280 2271 singularum
1297 2199 1350 2246 ur·

254 2279 341 2348 bium
366 2288 400 2348 et
428 2275 609 2350 nniversae
629 2283 741 2370 gentis
761 2279 1008 2348 administratas
1029 2299 1108 2349 esse
1131 2300 1154 2348 a
1175 2280 1369 2370 damiurgisx

252 2395 293 2448 eo
314 2399 428 2470 usque,
450 2389 486 2448 ut
505 2383 563 2448 vel
583 2381 761 2470 recipiendi
781 2381 994 2450 reiiciendive
1014 2388 1144 2450 tantum
1157 2401 1265 2470 penes
1276 2395 1350 2448 con-

205 2533 207 2536 .
252 2487 390 2547 ventum
409 2481 622 2548 Achaeorum
642 2488 735 2548 esset
755 2484 945 2572 auctoritas,
957 2484 1053 2550 lucili
1073 2485 1271 2552 coniectura
1286 2479 1349 2547 col-

251 2573 372 2667 ligitur.
414 2579 566 2648 Praetori
585 2586 694 2648 66666
715 2588 873 2650 accusato
895 2584 953 2650 vel
972 2585 1006 2650 in
1026 2585 1077 2650 ius
1097 2590 1223 2653 vocato
1245 2597 1348 2650 coram

251 2677 433 2769 damiurgis
463 2697 616 2746 caussam
643 2681 746 2749 luisse
771 2679 1029 2752 dicendamvix
1050 2683 1264 2774 creditarum,
1293 2697 1347 2748 ac·

253 2796 373 2847 casare
394 2798 468 2847 curn
488 2779 618 2868 quidem
636 2788 809 2872 poterant,
836 2782 897 2850 sed
917 2783 984 2852 litis
1004 2783 1195 2854 diiudicatio
1217 2781 1345 2852 concilio

253 2881 430 2947 commissa
448 2880 552 2948 fuisse
570 2880 720 2976 videtur,
741 2901 761 2950 e
781 2885 863 2952 locis
882 2885 1010 2972 saltem,
1025 2903 1106 2973 quos
1120 2887 1157 2952 in
1170 2902 1242 2952 rem
1262 2897 1346 2948 suam

68 3003 71 3010 ·
124 3019 128 3025 ·
252 2978 408 3066 laudant,
435 2980 549 3068 Polyb.
577 2979 718 3070 XXIV,
738 2985 790 3048 12.
812 2988 847 3051 66
867 2984 941 3053 Liv.
962 2984 1175 3074 XXXVIII,
1201 2987 1253 3051 66.
1273 2977 1344 3048 nihil

135 3169 138 3178 .
251 3077 409 3146 eiusmodi
429 3081 586 3148 extricari
605 3087 724 3169 potest.

334 3177 389 3246 lle
414 3177 595 3270 damiurgis
623 3199 719 3268 quarn
739 3181 949 3272 >periclitatus
975 3191 1029 3252 est
1048 3181 1236 3253 Schornius
1254 3181 1297 3276 (l.
1318 3195 1343 3246 c·

250 3301 284 3369 p.
303 3274 378 3370 62.)
398 3281 619 3351 coniecturam
640 3281 744 3372 digna
765 3285 893 3352 omnino
914 3291 977 3373 est,
999 3303 1083 3371 quae
1104 3287 1240 3373 reliquls
1250 3297 1342 3371 prac-

251 3379 377 3447 ieratm
398 3382 554 3449 omnibus.
606 3381 659 3450 lle
689 3386 904 3473 δαμιουργῑᾳ
924 3373 1141 3475 magistr-atus
1162 3387 1293 3454 notione
1311 3381 1341 3446 in

250 3481 442 3550 universum
470 3481 552 3551 dlxit
579 3479 804 3552 Schneiderus
835 3485 878 3552 ad
904 3487 1041 3553 Aristot.
1068 3485 1174 3555 Polit
1185 3485 1245 3573 IV,
1265 3483 1340 3598 834.

250 3577 295 3667 V,
314 3581 346 3668 8,
365 3584 397 3647 6.
425 3584 492 3650 et
479 3601 514 3649 ιιι
540 3583 624 3649 Lex.
652 3583 772 3651 Graec.
800 3585 987 3672 Hesychius
1014 3585 1158 3654 Donhu's
1184 3583 1339 3674 proprium

250 3678 323 3744 vult
350 3699 383 3746 v.
412 3677 634 3769 δημιουργός.
655 3680 811 3750 Similiter
831 3685 1027 3752 Eustathius
1044 3685 1092 3752 66
1114 3684 1235 3774 odyss.
1255 3706 1284 3770 ρ
1309 3695 1337 3766 p·

250 3777 343 3841 1826.
364 3780 527 3868 Exemplo
549 3789 626 3849 sunt
653 3781 812 3851 Corinthii
839 3783 943 3850 Thuc.
949 3788 991 3873 l,
1012 3789 1063 3851 66.
1084 3787 1227 3875 Argivis
1245 3796 1337 3870 prae-

250 3881 346 3944 terea
372 3877 564 3994 demiurgus
595 3883 706 3949 tribuit
731 3884 874 3970 Etymol.
904 3885 950 3950 Μ.
981 3903 1052 3952 cum
1080 3887 1226 3954 Zonara.
1265 3879 1337 3946 Nou

249 3979 391 4054 tamen
380 3979 421 4044 ris
441 3981 504 4048 soli
524 3979 707 4048 Dorienses
728 3984 778 4048 usi
799 3989 893 4052 sunt
884 3979 1160 4076 ,Peloponnesiis
1180 3977 1337 4051 universis

250 4072 479 4168 δημιουργοὺς
498 4081 601 4168 primo
621 4081 697 4148 loco
715 4083 840 4168 positos
860 4091 897 4150 ut
922 4087 1100 4154 archontes
1125 4084 1234 4152 tribuit
1261 4075 1335 4145 Phi

249 4176 329 4265 lippi
349 4178 489 4265 epistola
508 4197 561 4267 ap.
582 4176 676 4248 Dem.
697 4179 740 4249 de
760 4199 827 4252 cor.
837 4207 880 4272 p.
900 4187 972 4250 286.
1013 4183 1073 4252 sic
1093 4185 1255 4274 principes
1267 4192 1334 4245 ml·

249 4277 413 4364 gaurus
432 4285 511 4348 sunt
530 4280 617 4369 apud
636 4282 740 4372 Eleos
761 4290 796 4351 et
815 4283 968 4352 Arcades
981 4285 1221 4370 Mantinenses,
1239 4293 1347 4374 66611·Ι
