2902 4956
352 301 798 416 -55--

97 533 148 600 vel
162 531 379 620 Gonussmm
400 533 485 621 quod
505 534 646 602 manime
666 537 823 600 vexatum
843 537 877 600 et
895 538 1043 599 veterum
1058 533 1201 619 scripto-

95 654 162 702 rum
194 636 395 702 testimoniis
428 640 462 702 et
493 635 712 702 recentiorum
740 634 937 700 coniecturis
965 631 1197 700 animadverti-

93 753 171 800 nus
194 731 275 827 (cr.
289 733 416 802 sreaet
430 733 474 802 ou
492 738 588 802 mus.
610 739 655 821 n,
675 735 706 800 4.
728 735 776 820 v,
799 737 849 798 rs.
870 737 945 821 vn,
962 736 1021 821 ao,
1041 727 1096 823 o.)
1117 721 1200 800 'nro

93 832 234 904 (ionusa
266 841 302 904 et
331 836 546 902 Pisistratidis
577 853 672 902 arma
697 835 830 902 sustulit
857 835 1199 920 contral'ulmerium,

92 934 250 1024 Faciam,
280 933 489 1003 Siebelisium
509 937 694 1024 nuperrime
714 935 881 1002 liebertus
903 933 1070 1022 Gomplius
1097 931 1146 1026 (l.
1170 951 1199 1000 c.

15 1071 18 1115 ³.
91 1057 120 1121 p.
140 1039 196 1100 5⁰.
220 1033 321 1128 sqq.)
351 1038 475 1103 acriter
503 1034 631 1123 quidem
657 1031 719 1102 sed
749 1053 955 1122 nequaquam
974 1035 1021 1100 ito
1041 1051 1198 1122 pugnans
1228 1027 1231 1032 ’

14 1195 15 1216 2
89 1135 224 1206 iuuenis
258 1143 295 1203 nt
313 1137 371 1204 vel
392 1143 560 1204 certamen
580 1137 703 1213 finitum
722 1137 778 1204 vel
799 1136 914 1203 lrostes
934 1135 1025 1201 asos
1044 1135 1199 1223 fugatos-

14 1223 15 1256 ³
91 1251 152 1319 que
186 1233 298 1300 dicos
350 1237 552 1326 Helvingius
575 1234 605 1330 (
614 1239 635 1302 l.
668 1256 696 1303 c.
731 1259 762 1326 p.
793 1231 1063 1326 capillamenti
1094 1232 1199 1328 (Vlll.

13 1345 17 1393 ³.
89 1355 119 1420 p.
140 1337 225 1419 M,
258 1338 312 1422 qui
339 1355 412 1403 cum
441 1335 589 1405 Strothio
617 1339 650 1404 in
671 1335 858 1404 llandbuch
879 1334 938 1403 dor
960 1337 1049 1404 alten
1072 1334 1197 1422 Geogr.

13 1461 17 1501 i
90 1437 112 1514 1.
139 1459 171 1528 p.
200 1439 237 1502 2.
267 1460 298 1526 p.
319 1439 391 1503 aaa.
419 1441 566 1524 sequitur
594 1433 832 1532 Sylburgium)
860 1437 978 1507 iudicio
1009 1437 1197 1526 acquiescit.

91 1531 342 1625 Goldhagenus
368 1537 536 1605 Gonnsam
557 1541 709 1627 primum,
731 1537 850 1606 deinde
864 1537 1063 1608 Donoessan
1078 1539 1111 1602 in
1126 1535 1198 1603 llo-

13 1708 17 1719 ,
91 1638 173 1701 meri
203 1638 283 1705 loco
315 1637 377 1727 (ll.
409 1640 461 1725 lI⁷
486 1634 581 1728 573.)
609 1641 751 1740 scripsit.
801 1640 904 1706 Falso
926 1640 998 1708 loco
1021 1639 1198 1706 Gonusson
1264 1680 1265 1688 .

91 1731 292 1804 Muellerum
319 1736 422 1830 [Dor.
453 1739 503 1826 Il,
531 1732 629 1824 428.)
657 1741 809 1827 posuisse
834 1741 867 1804 in
894 1733 1013 1828 mappa
1043 1739 1198 1804 suassiam

14 1930 15 1936 ἵ
91 1832 262 1923 Hagenus
285 1838 330 1928 (l.
346 1857 375 1905 c.
388 1863 419 1928 p.
434 1839 489 1927 8.)
511 1846 545 1907 et
564 1839 731 1928 Gomplius
753 1839 807 1931 (p.
824 1837 898 1928 11.)
921 1838 1083 1906 viderunt.
1125 1836 1198 1903 Vo-

14 1991 19 2034 ,
94 1935 249 2002 eubulum
271 1939 357 2005 enim
375 1943 509 2024 jamnia
533 1938 620 2028 apud
641 1941 835 2020 Muellerum
855 1959 957 2006 sensu
978 1960 1115 2028 prorsus
1138 1957 1198 2004 ca·
1261 1985 1263 1990 -

14 2055 18 2114 j»
92 2041 151 2101 ret.
198 2037 291 2104 Urbs
312 2039 396 2126 haec
417 2039 618 2130 aSicyoniis
640 2039 751 2108 deleta
771 2047 824 2107 est
836 2040 977 2126 indeque
992 2039 1197 2126 intelligitur,

16 2144 17 2168 ³
95 2147 149 2201 cur
172 2143 213 2206 et
233 2135 426 2206 Scholiasta
447 2159 519 2215 cum
533 2141 708 2208 Eustathio
729 2141 914 2230 explicandi
937 2143 1059 2206 caussa
1081 2139 1194 2226 ἀκρω-

95 2229 216 2325 τήριον
240 2231 413 2329 Πελλήνης
442 2239 604 2309 addiderit
632 2249 666 2310 et
694 2247 765 2310 tota
792 2241 969 2328 antiquitas
997 2239 1039 2306 de
1061 2237 1198 2306 Gonusa

15 2362 18 2418 f
95 2335 165 2426 illa,
189 2341 281 2407 lianc
302 2343 388 2412 enim
409 2345 605 2431 scripturam
625 2343 819 2434 recipimus,
851 2343 957 2409 sileat.
999 2343 1056 2410 Ex
1074 2358 1197 2408 recen-

14 2503 16 2514 ,
95 2440 214 2506 tiorum
244 2445 531 2530 peregrinatorum
558 2437 693 2512 nume'ro
725 2440 1109 2510 accuratissimelocum
1134 2459 1197 2507 ve-

97 2543 209 2608 tustae
231 2541 388 2610 Gonusae
410 2545 672 2632 exploraverunt
692 2544 820 2612 Gellius
842 2551 875 2610 et
889 2545 1045 2612 Leakius.
1088 2544 1199 2628 Atque

14 2647 16 2706 ἲ
99 2637 149 2704 hic
172 2641 304 2728 quidem
325 2646 492 2731 reperisse
514 2645 575 2710 sibi
595 2647 689 2712 visus
711 2651 764 2712 est
784 2646 908 2731 locum,
940 2663 1034 2729 quem
1062 2640 1200 2709 Gonusa

14 2777 16 2825 J
100 2743 295 2830 occupauit,
320 2744 353 2808 in
381 2746 466 2811 colle
495 2743 652 2838 quodam,
682 2747 737 2832 qui
757 2763 846 2810 nunc
868 2743 979 2830 Ceryli
999 2735 1199 2834 (Kopoop‘)

14 2842 16 2928 ζ
101 2843 306 2930 appellatur,
334 2845 418 2920 mari
445 2847 610 2934 proximo,
639 2845 817 2934 singulari,
849 2837 1053 2930 praerupto,
1081 2841 1200 2928 quique

103 2943 249 3008 omnibus
270 2962 330 3032 per
350 2946 469 3012 fretum
488 2947 724 3035 navigantibus
752 2944 894 3031 undique
923 2944 1117 3030 conspicuus
1146 2940 1200 3005 in·

14 3112 18 3141 ,
101 3044 243 3108 teriacet
269 3045 389 3112 lumini
418 3045 677 3134 Xylooastrensi
702 3052 736 3112 et
763 3046 947 3132 Fonissae,
981 3041 1042 3110 sed
1067 3041 1200 3130 propior
1314 3069 1317 3076 ·

13 3152 17 3233 j
102 3149 268 3227 postremo
288 3163 396 3236 neque
416 3147 516 3214 multo
537 3147 623 3212 inira
643 3148 749 3234 ipsam
768 3145 946 3211 Pellenen.
975 3141 1048 3235 (Oi.
1071 3141 1155 3210 Geli.
1177 3143 1198 3208 l.

13 3266 15 3301 t
105 3245 277 3331 clu-14.)
313 3243 368 3310 Ile
386 3246 506 3332 priscis
530 3243 688 3314 Gouusae
703 3245 840 3334 regibus
862 3243 1145 3332 otPaus.11,4,
1167 3247 1198 3308 l.

12 3355 17 3440 Γ
104 3364 151 3456 V,
178 3370 240 3455 18,
265 3372 296 3434 2.
330 3369 397 3437 'De
416 3372 588 3438 vocabulis
608 3390 670 3460 per
690 3371 830 3460 simplex
850 3369 906 3437 vel
926 3366 1048 3455 duplex
1065 3349 1199 3434 u‘scri-

13 3466 14 3541 ζ
104 3467 222 3536 tendis
242 3470 283 3536 cf.
304 3471 437 3560 Hagen.
458 3473 480 3537 l
502 3489 531 3538 c.
553 3493 584 3562 p.
605 3476 637 3536 a
655 3492 704 3559 sq.

183 3629 415 3700 Pelleneorum
434 3631 557 3714 novae
576 3635 804 3724 Anttouoruae
824 3631 1030 3720 appellatur,
1051 3624 1137 3714 quod
1158 3627 1202 3692 ab

104 3731 255 3820 Aegirue
280 3733 442 3804 manfimu
467 3739 564 3820 parte
594 3732 639 3817 (i.
661 3752 691 3800 e.
712 3733 755 3799 ab
775 3734 1012 3822 Aegiratomm
1038 3725 1200 3817 ἐπινείῳ)

105 3830 213 3900 stadia
232 3834 296 3900 120
315 3831 435 3919 distat,
466 3831 596 3900 dimidio
617 3833 752 3900 brevior
776 3851 799 3898 a
828 3833 941 3899 novali
966 3829 1125 3900 Pellenen
1145 3830 1207 3895 via

12 3965 13 3968 ¹
107 3929 230 4015 (Paus-
258 3933 312 4019 11,
338 3935 399 4022 12,
420 3931 556 4020 avss,
576 3935 635 4019 26,
654 3930 721 4022 7.).
762 3933 838 4000 Hoc
856 3952 976 4000 nomen
996 3929 1131 3997 inditum
1150 3927 1203 3994 l'e-
1230 4005 1233 4014 Ι

106 4037 195 4116 runt,
226 4031 312 4118 quod
339 4034 374 4100 in
401 4051 476 4100 eum
502 4038 630 4120 portum
658 4034 845 4122 appulerint
871 4034 1100 4120 Argonautae.
1127 4024 1202 4115 (Ol.

12 4169 16 4208 r
107 4130 218 4198 lluell.
231 4131 314 4202 Dor.
327 4135 385 4220 11,
398 4128 497 4224 428.)
539 4134 625 4201 urat
646 4132 797 4223 oppidum
817 4135 922 4220 ipsum
942 4134 976 4197 in
998 4131 1077 4219 iugo
1098 4129 1203 4194 situm

107 4230 182 4322 lugi
208 4251 381 4322 supremus
410 4239 531 4302 vertex
557 4233 591 4300 in
616 4235 839 4302 omassmun
859 4231 1008 4321 assurgit
1028 4226 1205 4316 fastigium,
