2864 4960
620 349 981 427 “-·116···

295 542 492 632 optimatium
512 542 696 632 principatu
716 541 751 608 in
771 539 953 610 seditiones
978 545 1013 608 et
1035 540 1299 610 concinnatorum
1315 559 1376 612 an-

296 641 437 710 bitiones
456 642 611 730 immgit,
641 660 708 708 non
729 639 855 709 destitit
875 645 1055 729 aegrotare
1075 644 1110 708 et
1130 641 1312 709 tumultuari
1330 649 1376 731 ty·

294 757 433 810 nannum
454 761 498 810 ex
518 748 662 828 tyranno
682 746 830 829 mutans,
852 739 959 828 qucad
971 741 1147 822 irrterfecto
1162 739 1286 809 Oinone
1296 743 1376 830 prin-

296 842 388 926 cipes
411 839 623 910 Timoclidam
644 845 679 908 et
708 836 847 908 Cliniam
867 841 1005 928 legere,
1025 842 1117 908 viros
1139 841 1284 928 inprimis
1303 842 1377 907 inter

295 941 387 1008 cives
408 940 518 1010 clarus
542 945 576 1007 et
597 941 792 1007 auctoritate
816 939 990 1026 pollentes.
1031 939 1212 1027 lamquurn
1225 937 1376 1008 videretur

298 1032 504 1125 aliquatenus
527 1041 708 1128 composita
732 1039 919 1127 respublica
932 1037 1140 1106 'iimoelidas
1168 1039 1238 1107 fato
1263 1039 1376 1107 innotus

251 1212 253 1218 ,
295 1145 359 1208 est
400 1137 587 1206 Acontidns
607 1155 707 1226 vero,
727 1139 859 1206 Paseae
879 1137 984 1228 lilius,
1003 1137 1213 1226 tyrannidem
1234 1143 1376 1208 aderam

170 1308 173 1318 ,
298 1237 508 1310 obtruncavit
529 1237 670 1308 Cliniam
699 1239 887 1326 amicosque
915 1239 987 1305 eins
1014 1243 1049 1305 et
1077 1239 1256 1306 familiares
1274 1238 1376 1327 partin

297 1339 333 1406 in
363 1340 496 1406 exilium
526 1341 615 1429 egit,
648 1339 767 1427 partim
796 1336 1045 1406 contrucidavit
1095 1333 1268 1418 Quaesivit
1294 1338 1376 1404 etiam

296 1438 396 1508 filiurn
410 1440 481 1506 eius
495 1447 690 1527 septennem
703 1434 739 1530 ²)
759 1440 908 1506 relictum
928 1435 971 1505 de
991 1435 1098 1505 nodio
1111 1437 1230 1506 tollere
1242 1441 1375 1514 Aratus,

296 1539 352 1624 qui
371 1543 482 1608 tamen
495 1541 529 1606 in
540 1539 719 1608 domestico
734 1539 947 1622 tumrultuuua
966 1557 1038 1606 curn
1049 1538 1375 1627 fugientibuselapsns

295 1638 480 1726 peleusque
499 1657 560 1728 per
579 1640 694 1721 umbem
720 1637 867 1728 trepidus
895 1639 1082 1725 nuxffioque
1107 1635 1282 1704 destitutos
1305 1635 1374 1702 forte

297 1737 333 1803 in
352 1736 481 1806 domum
501 1739 586 1806 elem
607 1741 734 1827 recepit
754 1757 794 1806 se
814 1739 976 1828 mulieris,
997 1756 1082 1825 quae
1095 1734 1284 1807 Abantidae
1295 1753 1375 1802 soror

298 1843 391 1925 erat,
426 1838 635 1927 Prupbantc,
666 1837 795 1908 cliniae
828 1839 938 1928 fratri,
981 1845 1102 1928 nupta,
1134 1839 1265 1906 nomine
1292 1831 1372 1902 Suco.

297 1937 412 2026 Haeo,
441 1943 509 2006 turn
529 1939 615 2026 quod
635 1942 744 2010 animo
766 1945 858 2008 esset
877 1957 1063 2030 generosa,
1088 1945 1158 2007 tnm
1178 1936 1288 2006 divina
1306 1951 1374 2022 qua·

298 2036 376 2106 dam
395 2043 487 2108 sorte
507 2059 644 2128 puerum
664 2042 858 2109 existimans
878 2040 922 2108 ad
937 2059 977 2108 se
991 2039 1203 2130 confugisse,
1223 2034 1373 2106 domicum

299 2135 491 2228 abscondit,
518 2159 596 2209 mcx
616 2144 702 2210 olam
724 2150 826 2211 noctu
845 2140 965 2211 dimisit
984 2142 1113 2232 Argos.
1156 2140 1208 2207 liri
1228 2139 1261 2204 in
1279 2133 1373 2221 bospi-

227 2323 229 2328 .
297 2243 366 2306 ium
387 2245 421 2308 et
441 2242 617 2308 amicorum
635 2249 847 2332 paternorum
867 2243 1082 2310 contubernio
1100 2242 1250 2330 ingenue
1269 2233 1372 2304 educe
1413 2311 1414 2326 χ

151 2353 160 2360 ’
298 2344 352 2405 tns
372 2339 438 2406 iem
458 2357 480 2406 e
500 2342 623 2430 pn'mo,
650 2348 688 2409 nt
706 2342 771 2411 boe
791 2350 885 2431 utor,
911 2345 1003 2416 vitae
1022 2343 1134 2408 limine
1155 2337 1312 2407 adversus
1329 2339 1372 2419 ty·

297 2455 437 2527 rannus,
458 2459 594 2528 quonum
614 2444 787 2510 saevitiam
806 2444 880 2531 ipse
900 2448 1059 2531 expertus
1078 2445 1174 2532 erat,
1199 2432 1373 2524 intexp'mbir

299 2538 381 2606 favit
402 2537 518 2607 udum

381 2635 486 2720 uuum
517 2641 582 2708 ium
609 2641 786 2708 iuvenilem
809 2641 939 2709 iniisset
965 2645 1109 2710 aetatem
1139 2645 1175 2708 et
1204 2629 1371 2726 corpusin

300 2739 419 2807 bonum
437 2739 584 2808 habitum
604 2747 638 2810 et
663 2735 896 2830 proceritatem
920 2744 1098 2831 insurgere
1117 2738 1248 2808 videret
1266 2731 1306 2804 ad
1321 2745 1371 2819 pl·

301 2819 446 2931 anne
466 2839 709 2910 meditationem
730 2861 769 2909 se
790 2843 943 2930 cuntulit,
975 2842 1253 2929 quinquertionem
1278 2835 1370 2900 cent·

299 2942 349 3006 vit
377 2936 547 3028 Olympiae
573 2939 693 3035 (Pars
725 2943 792 3033 Vi,
820 2945 880 3031 12,
910 2937 983 3034 dr),
1014 2957 1220 3028 coronasque
1246 2927 1369 3004 obdunt

300 3036 396 3106 Unde
425 3041 564 3108 forsitan
593 3043 732 3132 faenum,
761 3050 815 3132 nt,
846 3062 942 3131 quum
975 3043 1050 3110 huic
1079 3033 1281 3110 exercitandi
1307 3041 1369 3097 stet

365 3350 369 3365 ‚
400 3301 484 3370 iilius,
509 3321 619 3374 regnum
642 3305 681 3358 ibi
705 3313 768 3378 port
785 3305 986 3370 Heraclidrrurn
1011 3303 1128 3360 reditum
1150 3304 1258 3360 sortitus
1278 3295 1368 3387 sitifi
1411 3285 1412 3371 i

396 3391 522 3449 videntur
540 3384 574 3444 ab
593 3409 625 3445 eo
643 3391 706 3446 inde
725 3383 846 3464 temp'ore
867 3391 1009 3448 Dorienses
1026 3391 1077 3446 rub
1095 3387 1292 3446 Heraclidrrurn
1314 3392 1367 3444 τεεί·

398 3479 470 3532 mine
491 3479 631 3548 Sicyonem
653 3478 803 3533 incoluisse.
823 3477 864 3538 ei.
889 3479 964 3532 Pauo.
988 3479 1030 3545 11,
1056 3480 1090 3544 6,
1117 3479 1143 3533 4.
1165 3479 1214 3540 13,
1240 3475 1263 3528 i.
1287 3477 1311 3522 et
1326 3464 1369 3518 ilr-

398 3581 450 3634 gen
467 3565 485 3620 l
503 3582 527 3620 c.

352 3651 385 3720 2)
400 3653 482 3704 Arati
510 3667 597 3705 rnnur
626 3651 723 3705 natulis
752 3659 826 3706 retro
856 3650 1040 3722 competendo
1066 3650 1146 3707 freilr
1173 3638 1367 3722 deprehenditur·
1410 3715 1411 3728 χ

303 3739 306 3748 ’
398 3737 501 3805 Viginti
511 3739 582 3791 enim
594 3755 679 3791 annos
696 3745 852 3810 maturent
868 3753 952 3809 quum
970 3738 1097 3792 liberaret
1113 3755 1129 3790 r
1149 3741 1314 3806 tyrannorum
1329 3719 1367 3773 ⁴¹⁰·
1410 3749 1411 3829 p

396 3805 500 3879 minati
517 3823 660 3892 Sicyonem
677 3814 803 3894 petritum
820 3838 907 3886 annua
923 3824 970 3902 qui
989 3833 1032 3880 ert
1048 3839 1127 3880 aenne
1143 3821 1304 3879 chrictianre
1318 3809 1366 3864 25¹⁹

386 3928 482 3963 annua
499 3910 579 3977 igilur
596 3908 693 3962 natalie
709 3913 760 3965 271
779 3925 802 3962 ι.
821 3909 930 3964 cine:
948 3910 991 3965 01.
1011 3916 1074 3978 127,
1093 3911 1141 3980 7¹3
1156 3923 1248 3971 annua,
1267 3914 1315 3976 (1¹¹⁰
1330 3894 1368 3946 Ᾰῐ·

396 4014 442 4064 goa
454 3995 545 4048 furtim
557 4002 787 4068 lprrnnoerrptur
795 3995 863 4049 clam
871 3997 982 4065 aufugit,
995 3995 1147 4053 ibiucbr.
1157 3991 1367 4048 moriturorum

397 4082 460 4136 dnm
487 4082 600 4153 'septima
626 4081 730 4136 decima
753 4091 878 4158 proelurp
905 4083 1039 4151 fungitur,
1071 4099 1143 4136 enno
1169 4067 1365 4153 quinq¹1¹i⁰¹iffl⁰

372 4228 377 4238 1
397 4174 473 4222 nono
496 4169 591 4223 artatis
607 4185 687 4233 rure,
710 4173 762 4226 212
785 4185 808 4222 r.
827 4169 889 4224 Cbr.
908 4181 944 4226 :2
960 4168 1003 4222 Oi.
1023 4168 1088 4232 lli,
1107 4169 1141 4240 Ἰ,
1157 4166 1277 4240 (furtum
1292 4159 1367 4209 mente
1409 4155 1410 4218 ἶ

329 4291 332 4302 ι
395 4255 560 4324 Februario,
576 4254 664 4312 ideler
680 4255 697 4310 l.
716 4271 740 4312 c·
758 4273 784 4330 p.
803 4259 861 4314 337.
879 4263 909 4312 rt
924 4256 984 4312 393.
1002 4256 1082 4327 sopp).
1409 4247 1410 4252 '
