2844 4952
523 347 794 424 -192-

114 545 209 609 aliurn
230 541 396 631 eligerent
415 537 698 628 praeficerentque
711 538 774 605 sibi
787 535 983 606 uidebantur
995 535 1198 632 (Polyalv,

112 647 174 730 21,
193 638 257 733 h).
298 642 394 708 llaec
414 637 515 728 igitur
532 655 620 706 nova
634 639 891 725 perturbationis¹
901 637 1088 727 dissidiique
1102 658 1201 707 caus-

113 761 152 808 sa
171 758 267 829 qaum
289 739 332 806 ad
354 741 481 828 priores
502 736 697 823 accederet,
728 735 898 805 seditionis
918 759 1065 829 nuperae
1085 748 1201 810 aucto-

112 861 166 907 res
185 844 273 910 16616
295 841 466 907 Minervae
487 835 705 906 chalciooooo
733 834 787 902 dic
817 837 971 924 lbphoros
997 842 1049 908 rei
1069 840 1202 910 divinae

112 947 290 1028 operantes
311 935 538 1008 contrucidant
559 937 723 1022 simulque
737 954 810 1002 eum
831 937 881 1004 his
896 937 1054 1026 Gyridam
1071 949 1105 1012 ct
1118 945 1202 1014 alios

111 1041 337 1108 6666161666
358 1039 579 1127 sustulerunt,
599 1055 679 1124 ecs,
700 1038 755 1123 quui
775 1038 905 1104 Aetolis
924 1039 1053 1130 lucrant
1067 1050 1203 1132 contra-

110 1141 162 1225 rii,
182 1140 287 1207 exilio
306 1139 465 1223 multant,
496 1137 651 1225 llphoros
681 1155 725 1203 cx
745 1155 805 1204 suo
825 1156 960 1205 numero
973 1149 1115 1232 veneant,
1133 1159 1204 1224 ,66-

110 1240 266 1308 61616166
286 1237 428 1323 denique
449 1253 521 1301 cum
542 1235 733 1302 Aetolormn
752 1237 866 1323 gentis
886 1239 1017 1328 legato,
1037 1241 1204 1332 Machala,

14 1341 16 1410 i
106 1339 231 1406 ineunt
275 1338 393 1426 Reges
414 1351 542 1422 quoque
562 1335 816 1423 constituerunt,
845 1337 983 1406 alterum
1012 1342 1075 1408 rite
1096 1347 1130 1409 ct
1150 1346 1203 1410 16-

106 1437 439 1527 gitimeAgcsipolim
460 1435 541 1520 111,
562 1435 700 1501 alterum
720 1453 818 1523 vero,
839 1439 973 1505 reiectis
995 1441 1202 1510 eProclida-

104 1559 177 1636 rum
198 1540 305 1626 stirpe
326 1533 491 1620 omnihus,
511 1535 720 1622 Lycurgum,
742 1537 797 1621 qui
816 1537 975 1604 talentum
994 1540 1202 1628 Elpharorum
1305 1617 1308 1624 ,

106 1627 230 1725 cuique
245 1639 388 1727 largitus
409 1640 483 1702 erat
504 1630 643 1726 (Polyb
670 1633 739 1722 IV,
767 1639 819 1701 26.
847 1638 920 1705 Liv.
942 1639 1192 1727 ΧΧΧΝ,26

105 1735 250 1806 (1116166.
273 1739 295 1803 l
317 1754 346 1802 o
366 1757 398 1822 p.
419 1726 523 1823 218.,)
544 1738 579 1800 61
597 1739 695 1822 parte
715 1734 913 1804 urbanarum
928 1739 1118 1827 copiarum
1111 1758 1202 1806 mer-

104 1839 307 1924 cenarioque
321 1835 422 1902 milite
436 1837 581 1900 assumto
602 1834 806 1921 Argivorum
825 1835 939 1903 lines
929 1856 1112 1924 incurrens,
1123 1839 1201 1918 ⁴l'o-

102 1937 267 2024 lichnam,
287 1937 441 2020 Ptaaias,
462 1933 604 2018 Leucas,
626 1931 832 2019 Cyphantem
853 1937 951 2022 capit.
993 1937 1055 2002 llis
1073 1936 1201 2018 demum

101 2037 247 2124 patratis
276 2033 536 2102 Lacedaemonia
575 2033 682 2119 spoha
717 2032 867 2126 capiendi
904 2034 946 2102 de
974 2035 1120 2102 Achaeis
1148 2038 1199 2102 166

102 2137 223 2225 fasque
243 2155 322 2204 esse
343 2155 404 2224 per
425 2149 623 2222 praeconem
643 2121 888 2221 significavere.
1118 2184 1122 2202 ,
1220 2133 1225 2150 “

166 2235 365 2305 blachatas
384 2253 466 2302 vcro
487 2232 582 2300 161616
603 2249 730 2318 quoque
736 2225 926 2321 persuasit,
945 2238 982 2300 ut
1002 2231 1121 2302 bellum
1135 2233 1196 2302 ad-

101 2351 226 2404 versus
245 2319 403 2402 Achaeos
428 2336 653 2422 capesserent

186 2433 248 2504 sac
268 2437 378 2523 itaque
398 2451 455 2502 res
475 2434 667 2501 Aetolorum
695 2449 790 2520 quum
810 2434 948 2502 feliciter
968 2391 1197 2523 succederent,

100 2535 166 2622 ipsi
186 2534 1197 2624 166666666666161166116666666666661616666666666

100 2636 198 2720 quasi
219 2636 454 2722 chcurmscptos
474 2632 616 2719 undiquc
635 2635 805 2720 tenebant,
826 2637 879 2720 qui
900 2636 1126 2702 cunctantibus
1140 2654 1197 2702 rc-

27 2771 29 2778 *
99 2734 199 2820 liquis
222 2736 428 2820 civitatibus,
460 2735 560 2800 etiam
587 2734 734 2820 Philippo
764 2735 799 2799 in
828 2734 906 2800 belli
926 2739 1084 2822 apparatu
1105 2752 1196 2806 com-

99 2833 253 2922 parando
275 2842 450 2922 occupato,
471 2834 588 2903 661616
608 2853 745 2920 prorsus
765 2831 1019 2921 desponderant.
1219 2828 1222 2838 ’

185 2935 272 3002 6661
292 2954 374 3002 vero
394 2935 450 3003 illo
470 2941 617 3021 tompore
637 2934 700 2999 iam
722 2933 932 3000 Achaeorum
951 2937 1084 3020 praetor
1103 2933 1196 3000 Ara-

100 3035 176 3118 tus,
195 3034 294 3099 Arati
314 3034 399 3100 lilius
420 3036 465 3117 (a
485 3033 574 3100 ltlaio
594 3035 658 3098 226
683 3031 733 3098 66
747 3032 869 3100 Maium
888 3027 996 3122 212),
1018 3052 1081 3119 quo
1108 3037 1195 3100 tem·-

101 3149 185 3218 pore
212 3131 380 3198 Hannibal
408 3130 547 3200 deviatis
577 3138 671 3199 trans
698 3133 829 3200 Iberum
863 3133 1020 3220 gentibus
1048 3133 1195 3199 omnibus

101 3225 252 3316 Sagunti
272 3229 474 3298 obsidionem
494 3231 686 3298 moliebatur
706 3227 842 3321 (Polyb.
862 3231 931 3318 1v,
959 3234 1021 3317 28,
1043 3235 1072 3296 1.
1095 3249 1124 3296 6.
1143 3235 1196 3296 aa

101 3346 133 3396 6.
148 3333 216 3416 61,
221 3325 300 3420 2.),
306 3330 393 3418 apud
405 3331 544 3399 Aetolos
565 3327 698 3428 Scopas
711 3328 873 3398 dimidium
886 3330 1021 3468 legitimi
1043 3331 1171 3486 spatii
1160 3351 1195 3396 6

100 3429 333 3568 magistratu
322 3449 386 3498 ram
408 3430 605 3498 confecerat

187 3725 317 3796 Eadem
337 3732 534 3815 tempestate
553 3724 714 3821 (aestatis
734 3723 824 3792 initio
844 3724 927 3814 226,
958 3741 1024 3790 666
1053 3729 1089 3789 ut
1113 3723 1197 3791 falso

102 3816 1097 3939 116616616666666666166186366666
1127 3842 1199 3890 cum

103 3923 221 3994 decern
240 3927 379 4028 millibus
400 3927 520 4016 gravis
541 3931 737 4038 armaturae,
759 3928 964 3990 cetratorum
971 3924 1111 4010 quinque
1124 3925 1199 3989 mil·

102 4024 190 4090 hhus
217 4031 252 4092 ct
277 4011 479 4113 octingentis
507 4024 706 4110 equitibus
695 4044 730 4088 rn
762 4023 969 4090 Thessaliam
999 4027 1034 4088 et
1063 4023 1199 4107 Epirum

102 4122 448 4312 prolecius
292 4128 362 4209 est,
382 4124 561 4190 invasurus
580 4118 711 4193 16166
730 4122 895 4190 Aetoliam
915 4118 1196 4214 (6.61,1.6611.

104 4221 207 4286 661.
255 4262 258 4271 ·
354 4268 357 4276 .
