2844 4952
472 351 746 428 -165-

66 529 409 636 etblegalopolitanos
429 541 599 631 pugnandi
616 541 752 631 cupidos
764 539 944 629 demebat,
964 558 1039 630 nce,
1059 561 1157 630 quun

23 643 26 654 ’
64 649 145 714 levis
166 651 358 712 armaturae
376 643 495 708 milites
514 643 549 708 iu
568 641 697 710 hostem
715 643 922 730 irrupissent,
942 641 985 709 de
999 661 1062 730 ope
1074 661 1155 730 per·
1178 716 1181 724 ‚

65 747 278 832 sequentibus
298 741 436 810 serenda
461 743 641 830 cogitabat.
691 741 775 808 Turn
800 760 882 810 vero
908 740 1077 832 Lydiadas
1105 745 1156 808 ira

66 847 285 912 exacerbatus
306 845 483 929 equitatum
502 849 539 909 ut
559 848 754 929 sequeretur
780 859 820 908 se
850 860 939 910 neve
963 861 1024 930 pro
1049 845 1157 930 patria

63 953 267 1035 pugnantem
285 942 460 1010 desereret
480 943 671 1011 cohortatus
685 944 720 1008 in
733 940 884 1008 dextrum
899 945 1038 1012 hostium
1053 961 1158 1010 cornu

64 1063 99 1110 se
119 1046 274 1112 coniecit
322 1041 394 1108 Sed
420 1061 517 1128 quum
547 1041 766 1130 persequendi
794 1041 914 1110 ardore
934 1045 1091 1132 abreptus
1111 1039 1157 1108 ad
1253 1087 1258 1104 .

64 1145 134 1210 loca
153 1145 308 1211 saltuosa
328 1148 363 1209 et
375 1139 548 1230 paludibus
562 1141 715 1229 Impedita
724 1143 935 1230 pervenisset
948 1162 1055 1230 neque
1064 1145 1157 1210 Ara-

65 1250 114 1312 tus
135 1263 235 1333 opem
252 1245 357 1310 ferret
375 1260 398 1308 a
417 1239 634 1309 Cretensibus
655 1248 690 1310 et
703 1241 903 1330 Tarentinis,
925 1263 1007 1330 quos
1027 1244 1062 1308 in
1082 1261 1156 1310 eum

65 1343 260 1414 Cleomenes
279 1345 387 1430 misit,
408 1343 435 1426 ¹)
465 1341 699 1408 ciccumclusos
727 1344 850 1408 acriter
873 1363 935 1432 pro
959 1343 1067 1432 patria
1094 1363 1156 1430 pu·
1231 1365 1233 1372 ·

65 1461 172 1532 gnans
195 1444 357 1513 occubuit
376 1437 542 1534 (Notetar
561 1441 830 1510 Brcitenbauchii
848 1443 870 1509 I
885 1461 915 1508 c.
935 1465 967 1532 p.
981 1445 1032 1508 17.
1053 1461 1158 1532 egre-

65 1545 137 1630 gius
146 1565 246 1612 error
256 1543 300 1610 de
313 1542 412 1609 exilio
420 1539 592 1629 Lydiadae
605 1562 649 1610 ex
658 1543 826 1612 Plutarchi
835 1543 997 1612 vocabulo
1012 1540 1156 1634 άπερρί-

67 1663 110 1733 φη
138 1646 174 1712 in
206 1645 265 1711 vit
291 1644 388 1710 Arat
417 1659 446 1708 c.
465 1644 517 1707 td.
538 1639 663 1735 ortus.)
681 1645 812 1731 Reliqui
831 1650 939 1710 autem
958 1644 1078 1712 milites
1099 1661 1160 1709 ce-

66 1741 122 1808 len·
140 1744 228 1834 iuga
247 1741 291 1810 ad
310 1741 490 1832 peditatum
509 1761 549 1810 se
569 1749 768 1832 receperunt
786 1750 954 1832 totumque
974 1744 1022 1810 ita
1041 1742 1158 1811 turba-

67 1847 136 1910 runt
156 1846 362 1931 exercitum,
389 1848 427 1909 ut
450 1843 486 1910 in
506 1843 620 1933 lugam
640 1863 823 1913 conversus
844 1863 866 1910 a
885 1842 1158 1912 Lacedaemoniis

68 1942 270 2012 caederetur.
312 1943 507 2012 Cleomenes
527 1942 647 2011 deinde
667 1963 740 2012 cum
760 1945 910 2012 hostibus
932 1944 1081 2012 inducias
1095 1961 1158 2033 pa·

69 2047 135 2110 ctus
156 2051 212 2111 est
233 2042 278 2110 ad
298 2041 509 2130 sepeliendos
528 2051 675 2112 mortuos
695 2051 730 2112 et
742 2044 916 2132 Lydiadae
937 2063 1057 2133 corpus
1078 2065 1160 2132 pur-

67 2161 162 2228 purea
183 2149 283 2211 veste
303 2161 490 2230 coronaque
521 2149 671 2212 ornatum
702 2142 745 2210 ad
771 2144 1023 2232 Megalopoleos
1043 2149 1159 2232 portes

68 2237 180 2312 deduci
201 2243 393 2330 civibusque
412 2242 500 2310 tradi
530 2245 626 2312 iussit
665 2241 772 2338 (Plut
804 2243 927 2313 Cleon.
950 2246 1030 2335 cd
1061 2245 1158 2310 Anat.

70 2359 94 2406 c.
111 2345 162 2410 tt.
186 2344 302 2431 Polyb.
322 2345 372 2432 11,
390 2347 450 2430 bl,
481 2348 512 2410 a
539 2344 723 2412 Pausanias
749 2363 876 2432 quoque
904 2343 1009 2431 VIII,
1038 2345 1096 2430 bt,
1126 2346 1159 2418 2

70 2441 156 2511 buius
186 2445 305 2533 proelii
331 2445 493 2534 memInit,
521 2443 583 2512 scd
604 2447 815 2514 commutavit
836 2463 909 2511 cum
929 2445 1046 2512 seriori
1066 2442 1159 2512 urbis

70 2547 312 2634 expugnatione
330 2564 392 2632 per
412 2541 640 2635 Cleomenem,
661 2546 702 2612 ci.
722 2543 829 2632 VIII,
849 2537 933 2635 44.)

142 2645 269 2734 Pugna
288 2645 373 2712 haec
394 2647 568 2712 commissa
588 2651 642 2713 est
661 2643 892 2730 concoctio,
912 2645 974 2731 τῆς
995 2640 1158 2727 Μεγαλο-

72 2742 247 2821 πολίτιδος
272 2750 404 2830 χωρίον
434 2741 542 2837 (Plut.
564 2741 687 2814 Cleon.
710 2763 738 2812 c
759 2743 834 2831 o),
863 2745 958 2829 isque
984 2743 1077 2810 locus
1096 2741 1160 2809 de-
1231 2777 1234 2784 ·

72 2841 206 2911 tenditur
229 2849 346 2910 contra
366 2841 725 2932 Schweighaeuserum
740 2841 812 2937 (ad
832 2841 948 2930 Polyb.
968 2843 989 2908 l.
1005 2840 1059 2932 c.)
1079 2841 1160 2908 Plu-

72 2945 173 3010 tarcbi
200 2945 330 3031 verbis,
361 2961 446 3030 quae
472 2945 631 3034 leguntur
658 2946 694 3012 in
720 2946 780 3013 vit
804 2943 917 3031 Pelop.
947 2960 976 3008 c.
1001 2943 1053 3006 bt).
1075 2947 1161 3009 extr.

74 3041 141 3109 iuti
171 3049 230 3110 καὶ
258 3045 320 3132 τῆς
352 3044 561 3134 Λακωνικῆς
585 3044 769 3132 πολίχνιον
793 3035 890 3131 ’πρὸς
923 3041 968 3132 τῇ
995 3033 1159 3129 θαλάσσῃ

73 3144 246 3228 Λεῦκτρον
259 3135 486 3228 ὀνομάζεται,
503 3145 563 3208 καὶ
578 3139 667 3230 πρὸς
678 3133 823 3233 Μεγάλῃ
839 3133 941 3208 πόλει
961 3142 1021 3231 τῆς
1036 3139 1159 3226 Ἀρκα-

76 3225 1166 3330 biagco'rrogdorivdpaioopoc.(CiCensor.ed.Polyb.Schweigh.)

74 3337 223 3429 Polybius
236 3358 318 3406 vero
337 3338 411 3434 (Π,
430 3336 567 3440 5158.)
586 3341 674 3414 hunc
693 3359 839 3432 pugnam
858 3341 1065 3407 commissam
1086 3353 1165 3402 esse
1274 3417 1276 3425 k

73 3443 182 3509 scribit
204 3437 240 3506 ἐν
260 3450 334 3518 τοῖς
354 3442 565 3519 Λαδοκείοις
588 3435 819 3532 καλουμένοις
835 3441 897 3527 τῆς
914 3431 1159 3522 Μεγαλοπολί-

75 3541 182 3620 τιδος,
211 3538 304 3606 cuius
330 3542 428 3608 situm
453 3542 488 3608 in
514 3541 572 3608 via
604 3541 811 3630 Megalopoli
836 3537 1020 3606 Palantium
1040 3539 1075 3600 et
1095 3531 1164 3599 Te-

76 3657 169 3728 geam
190 3638 399 3709 tendentibus
420 3641 608 3712 accuratius
639 3638 817 3728 descripsit
842 3637 1027 3705 PansanIas
1048 3630 1164 3725 (vill,

76 3734 159 3830 tt),
180 3757 317 3826 eumque
336 3740 441 3807 locum
461 3731 657 3829 receperunt
678 3737 872 3828 Schweigh.
891 3733 934 3829 (l.
949 3729 1021 3826 a),
1041 3733 1162 3803 Mauso

77 3836 108 3915 (l.
128 3857 156 3906 c.
177 3839 247 3926 111,
269 3843 299 3904 1.
320 3861 351 3928 p.
371 3841 443 3904 ou.
463 3839 545 3908 Not.
563 3833 632 3930 d),
659 3840 770 3906 Lucas
791 3839 834 3923 (l.
865 3856 894 3904 c.
919 3857 951 3924 p.
979 3837 1030 3903 Bb
1053 3840 1087 3902 et
1106 3837 1159 3900 8⁰.
1263 3825 1266 3838 '

125 4001 152 4066 1)
172 3999 397 4050 Merccnariorum
416 3997 528 4050 militum
547 4015 628 4070 opera
647 3996 699 4048 iam
719 3995 781 4062 Agis
799 4004 894 4049 contra
916 3995 1084 4065 Antipatrum
1102 4010 1165 4044 usus

167 4092 243 4147 erat,
262 4085 342 4136 Diod.
356 4083 445 4147 XVII,
464 4083 506 4139 48.
519 4085 562 4138 62.
577 4092 606 4136 et
622 4081 764 4147 Leonidas,
784 4083 852 4136 Plut.
870 4083 915 4149 Ag.
935 4097 957 4132 c.
978 4079 1021 4149 19.
1039 4077 1160 4131 eosdem·

171 4187 223 4239 que
241 4159 494 4224 ante‘CIeomenem
512 4169 541 4218 in
560 4168 632 4220 bello
650 4178 745 4222 contra
768 4168 889 4222 Achaeos
912 4181 1043 4238 pugnasse
1061 4161 1160 4216 intelli·

170 4254 252 4322 gimus
270 4273 303 4308 cx
320 4253 459 4313 Plutarchi
477 4253 533 4308 vita
551 4253 653 4307 Cleom.
672 4268 695 4308 c·
714 4256 739 4312 6·
1042 4235 1047 4260 '
