2844 4952
661 321 711 336 ..
763 239 931 368 itih-

251 489 314 554 iam
334 455 434 574 snpra
454 479 672 566 meminimus,
708 475 875 544 constituti
887 473 991 550 ferant
1010 471 1166 560 Apelles,
1195 476 1313 544 omniun

250 593 421 678 princeps,
441 581 599 652 Leontius
620 577 757 645 cetratis
776 573 963 664 praefectus
983 570 1113 660 (Polyb.
1133 567 1200 659 IV,
1219 574 1274 660 St,
1290 575 1315 636 8.

121 725 131 751 ,
251 689 302 775 V,
321 689 382 771 2²,
402 687 469 770 A),
489 679 664 769 Megaleas
677 677 844 766 regiorum
857 674 1039 742 scrubarum
1052 672 1193 762 collegio
1205 671 1315 760 (Polyb.

215 781 219 791 '
250 789 322 876 IV,
341 789 401 870 at,
420 785 483 872 ti),
505 780 624 846 Tauria
644 776 744 844 rebus
763 775 985 864 Peloponnesi
1005 772 1143 861 (Polyb.
1162 770 1316 860 lv,u,c

249 891 310 976 bt,
327 889 360 951 8.
380 883 482 969 VllI,
503 883 562 967 14,
588 872 657 968 2.),
683 873 877 944 Alexander
897 874 1051 944 satellitio
1069 872 1177 942 fuerat
1194 889 1318 961 praepo-

251 989 333 1056 situs
353 981 489 1078 (Polyb.
509 976 577 1067 IV,
597 981 660 1068 ,⁷⁰2
681 979 711 1044 l.
731 979 791 1064 et,
809 977 867 1056 a).

333 1180 559 1252 Macedoniam
577 1121 721 1246 moriens
741 1099 933 1266 Ahtigonus
944 1173 1064 1246 Doscn
1079 1175 1199 1264 optines
1211 1172 1321 1259 reliquit

253 1282 454 1369 conditione,
470 1298 586 1367 aquom
609 1276 770 1345 industria
803 1275 911 1344 denuo
943 1276 1142 1344 effloruisset
1169 1291 1321 1358 nomenque

252 1383 502 1452 domesticarum
514 1380 628 1448 tnelior
642 1377 878 1446 administratio
887 1371 1121 1448 abundantiam
1129 1376 1322 1462 qnasirpan-

253 1481 329 1548 dam
354 1477 546 1548 divitiarum.
566 1479 818 1568 progenuisset,
856 1494 941 1564 quac
967 1478 1002 1544 in
1028 1495 1137 1566 regno
1163 1479 1237 1564 post
1254 1473 1323 1540 Alo-

252 1579 372 1648 xandri
390 1579 436 1652 M„
458 1577 578 1646 obitum
603 1583 653 1647 tot
679 1569 845 1664 tantisque
874 1578 1055 1666 principum
1085 1573 1229 1642 dissidiis
1252 1591 1325 1664 gen·
1387 1621 1388 1624 ,

99 1745 103 1754 .
128 1673 138 1688 ”
253 1683 397 1767 tinmque
417 1678 513 1746 bellis
535 1682 756 1763 conquassato
784 1677 974 1766 Antigonus
1000 1679 1158 1746 institutis
1178 1677 1244 1744 suis
1261 1693 1326 1762 pro·

254 1798 398 1864 vocasse
418 1796 460 1844 ao
479 1775 698 1843 fundamentis
718 1777 813 1863 quasi
832 1779 930 1844 novis
951 1777 1214 1867 superstruxisse
1226 1774 1326 1842 existi·
1370 1811 1376 1824 ι

254 1877 392 1946 mondus
414 1884 475 1946 est.
518 1875 662 1944 Urbibus
682 1877 831 1964 vicisque
852 1877 981 1958 incolae
994 1876 1124 1965 redditi,
1146 1877 1327 1944 colonisno·
1391 1915 1392 1918 =

254 1980 308 2046 vis
329 1980 406 2068 agri
426 1976 582 2065 attributi,
602 1981 703 2062 atque
723 1978 801 2068 agri
821 1979 970 2046 culturae
990 1998 1150 2046 summum
1169 1966 1328 2066 impensum

254 2083 308 2144 cst
328 2077 477 2146 studium.
519 2077 590 2144 Res
610 2076 789 2164 militares,
817 2078 933 2165 quibus
961 2096 1088 2148 omnem
1115 2078 1187 2145 iere
1214 2091 1328 2163 operanr
1394 2118 1395 2162 ,

253 2173 434 2266 Philippum
456 2182 490 2244 et
510 2175 737 2244 Alexandrum
757 2176 803 2242 Μ.
836 2194 983 2244 navasse
1011 2184 1123 2244 notum
1156 2182 1224 2263 est,
1259 2191 1328 2261 qnae
1395 2198 1396 2232 t

253 2283 363 2346 tamen
384 2282 417 2344 et
437 2279 530 2364 ipsae
550 2294 572 2342 a
592 2275 842 2344 successoribus
862 2278 1089 2366 negligentius
1109 2277 1330 2357 tractabantur,

254 2376 434 2464 prudenter
462 2385 558 2443 erant
587 2379 776 2466 restitutae,
809 2378 929 2444 milites
963 2376 1157 2466 disciplinae
1187 2375 1329 2446 severiori
1397 2397 1398 2430 t

254 2475 406 2542 adstricti
425 2477 496 2563 ipso
517 2478 582 2544 iam
601 2478 733 2544 nomine
748 2483 782 2546 et
796 2476 992 2546 tortitudinis
1006 2479 1245 2546 existimatione
1256 2491 1329 2565 gen·

254 2579 308 2664 tes
329 2580 464 2642 exteras
485 2575 667 2644 terrebant.
708 2575 898 2665 Barbaros,
927 2579 981 2665 qui
1010 2577 1239 2648 Macedoniam
1265 2591 1331 2640 sac-

216 2757 223 2774 ι
255 2675 329 2762 pius
349 2675 565 2764 infestabant,
586 2677 712 2765 inipso
733 2675 964 2766 propemodum
985 2679 1074 2746 vitae
1089 2679 1200 2744 limine
1213 2675 1331 2742 device-

83 2777 93 2810 ‘
163 2785 185 2856 f
254 2781 309 2842 rat
329 2776 538 2865 Antigonus,
565 2776 724 2846 Achaeos
744 2796 845 2866 vero,
876 2796 983 2864 neque
1010 2775 1054 2844 ad
1081 2778 1173 2856 bella
1198 2771 1332 2867 gerenda

28 2907 30 2914 >
120 2905 135 2948 ·.
256 2892 420 2942 armorum
441 2877 681 2945 exercitatione
701 2879 786 2946 satis
806 2880 986 2946 instructos
1006 2884 1041 2946 et
1060 2877 1146 2946 duce
1166 2875 1248 2944 adeo
1267 2870 1333 2942 belli

255 2973 448 3061 destitutos,
468 2996 536 3044 non
556 2977 666 3044 socios
686 2977 792 3046 solum
811 2978 875 3045 sibi
895 2982 1147 3065 comparaverat
1176 2995 1267 3066 opem
1291 2971 1333 3037 fe·

169 3086 174 3095 ·
256 3071 376 3161 rendo,
397 3073 475 3163 sed,
503 3075 675 3164 praesidiis
696 3075 846 3146 Corinthi
865 3083 900 3146 et
920 3074 1119 3146 orchomeni
1137 3075 1278 3162 relictis,
1295 3072 1334 3136 itt

109 3154 130 3174 ”
229 3174 319 3242 sibi
345 3175 471 3242 iecerat
500 3178 673 3264 obnoxios,
704 3183 741 3244 ut
768 3179 842 3247 sine
874 3175 1092 3246 Macedonum
1120 3177 1250 3244 auxiliis
1268 3168 1335 3238 nihil

258 3294 395 3362 prorsus
416 3278 473 3343 val
555 3283 587 3365 t,
613 3276 720 3346 donec
746 3280 901 3346 restituta
929 3275 1103 3365 disciplina
1120 3276 1251 3344 militari
1268 3269 1335 3340 Phi·

154 3379 162 3394 '
259 3375 430 3464 lopoemen
450 3370 621 3462 pristinam
642 3377 719 3444 belli
739 3378 881 3467 gloriam
901 3379 1129 3466 recuperavit,
1159 3386 1335 3465 quamquam

257 3474 442 3542 libertatem
462 3478 565 3570 semel
585 3479 766 3566 iterumque
786 3479 939 3544 amissam
959 3479 1016 3545 vel
1043 3467 1222 3566 proiectam
1241 3467 1336 3542 vindi-

260 3591 339 3642 care
359 3594 426 3650 non
446 3577 549 3663 potuit
569 3577 699 3666 (Polyb.
719 3577 770 3645 Ν
780 3623 790 3666 ,
810 3581 850 3664 t,
869 3581 900 3644 7.
927 3578 1012 3645 Plut
1034 3579 1128 3646 Arat.
1150 3596 1180 3644 c.
1200 3578 1250 3644 ti.
1269 3569 1336 3639 Phi-

61 3711 92 3758 ‚·
147 3663 161 3698 '·
258 3673 347 3759 lep).
369 3675 514 3742 Maxima
539 3675 815 3745 vero‘Graeoiae
842 3695 921 3766 pars
942 3678 1223 3765 septentrionalis,
1253 3687 1337 3760 quan

255 3773 434 3860 Epirotae,
455 3774 627 3864 Thessali,
647 3777 858 3865 Phocenses,
879 3774 1100 3864 Acarnanes,⁴
1114 3775 1234 3844 Boeoti
1252 3767 1335 3840 habi·

258 3871 395 3958 tabant,
418 3890 489 3940 cum
509 3874 746 3944 Macedonibus
767 3895 941 3965 eorumque
955 3877 1054 3945 sociis
1076 3875 1244 3958 Achaeis,
1265 3887 1337 3956 quo-

126 4034 134 4057 ,
257 3991 329 4036 rum
349 3951 625 4061 tocheripraettr
645 3977 750 4045 Eleos
770 3981 871 4044 totam
890 3977 948 4044 illa
967 3979 1163 4065 tempestate
1183 3973 1336 4058 Pelopon·

259 4088 375 4142 roesam
397 4069 595 4162 adscriptam
613 4074 717 4142 fixisse
737 4076 870 4166 scimus,
890 4081 926 4144 et
945 4072 1154 4144 iureiurando
1175 4072 1336 4140 coniuncte

81 4237 95 4268 ἱ
200 4193 202 4200 ·
258 4167 324 4263 huit¹
337 4175 371 4238 et
390 4172 423 4239 in
444 4177 569 4241 mnbnn
589 4193 745 4262 pavorem
767 4177 931 4267 coniecta,
952 4180 988 4242 ut
1008 4193 1126 4244 nornen
1139 4171 1221 4240 adeo
1240 4169 1334 4280 ipsam
