2902 4956
640 363 954 436 ·-3a-—

238 631 240 636 ,
264 551 358 618 simul
377 551 411 616 in
432 549 545 616 tabula
556 535 816 640 Peutingeriana
835 551 1067 643 hoccppidum
1086 553 1358 644 praetermissum

263 668 340 716 esse
360 654 508 716 testatur.
533 647 703 718 «Civitatis
731 657 839 719 autem
864 653 929 718 ista
951 653 1157 720 imbecillius
1183 649 1361 740 indetorta

127 835 130 848 y
264 747 393 815 videtur
414 767 508 833 esse,
529 747 613 835 quod
635 746 777 837 olenus,
798 749 965 818 Strabone
985 758 1136 839 auctore,
1157 772 1223 818 non
1243 751 1361 816 statim

264 849 419 914 societati·
444 847 653 915 Achaeorum
683 852 866 918 renovatae
896 868 974 918 sese
1004 850 1198 918 adiunxerit.
1253 849 1360 916 Urbis

264 948 336 1014 loco
351 945 507 1014 Straboni
528 947 761 1017 ostendebatur
775 951 966 1040 Aesculapii
978 951 1144 1039 templum,
1166 950 1231 1015 XL
1245 947 1360 1016 stadia

248 1046 434 1134 'aDyme‚
465 1047 606 1114 LXXX
634 1067 656 1116 a
681 1051 792 1118 Patris
823 1058 996 1139 remotum,
1027 1050 1213 1118 Pausaniae
1242 1055 1362 1114 tamen

262 1146 419 1234 ignotum.
460 1149 547 1214 Huic
572 1145 676 1218 Oleno
701 1152 911 1220 Achaeorum
936 1153 1163 1242 cognominem
1187 1149 1302 1215 urbem
1325 1148 1363 1212 in

263 1247 395 1312 Aetolia
414 1245 516 1314 fuisse
535 1265 557 1313 a
577 1247 744 1319 Strabone
764 1250 934 1341 docemur,
955 1253 1060 1339 cruos,
1083 1247 1187 1318 Oleno
1207 1247 1362 1314 Achaico
1435 1289 1436 1292 =

262 1365 330 1413 uon
351 1355 609 1438 commemorato,
629 1353 825 1422 mentionem
845 1353 959 1420 iecerit
972 1353 1153 1418 Homerusr
1182 1344 1230 1414 Ol
1247 1345 1361 1416 Hirc-
1435 1429 1436 1432 Ἴ

146 1445 148 1454 ⁴
265 1447 346 1532 poio‘
368 1439 535 1548 ἐνέμοντο
558 1457 616 1518 καὶ
631 1446 782 1520 'Plenam

310 1612 312 1616 v
347 1582 459 1645 Pirum
479 1599 606 1648 amnem
626 1582 747 1652 Strabo
768 1590 869 1652 vocat
889 1582 1026 1669 Melam,
1047 1601 1141 1668 quem
1160 1579 1361 1650 Manuertus

263 1696 330 1762 nou
357 1679 430 1745 sine
456 1683 606 1768 veritatis
635 1683 782 1770 quadam»
800 1681 912 1771 specie
936 1702 996 1770 pro
1017 1679 1177 1746 adiectivo
1198 1669 1307 1767 μέγας
1326 1677 1363 1742 in

222 1811 224 1816 .
263 1774 424 1844 Herodoti
444 1779 730 1867 liu.1‚c.1aa.ab
750 1783 931 1870 interprete
952 1779 1090 1868 quodam
1110 1776 1153 1844 ad
1174 1779 1362 1866 marginem

264 1877 426 1962 appictum
459 1886 577 1965 postea
609 1882 649 1962 in,
674 1879 847 1948 Strabonis
881 1887 1006 1949 textum
1039 1869 1216 1966 irrepsisse
1245 1880 1362 1968 putat3

263 1975 374 2042 Pirum
398 1979 484 2044 enim
510 1999 611 2067 prope
637 1976 775 2048 Olenum
799 1982 901 2048 luisse
921 1987 1026 2048 testes
1047 1977 1204 2048 habemus
1223 1981 1363 2065 praeter
1435 2021 1436 2036 2

149 2101 151 2114 =
263 2075 475 2164 Herodotum,
489 2079 686 2147 Pausaniam
698 2073 1362 2176 (1111,11,1.),Ηεεῑοι111111118111-
1435 2117 1436 2122 κ

264 2166 381 2243 bonem
409 2175 530 2272 (vill,
550 2175 644 2272 312.)
673 2188 707 2249 et
726 2183 961 2272 thmologum
980 2175 1140 2268 Magnum
1159 2187 1211 2265 (p.
1232 2179 1305 2241 475.
1326 2197 1362 2242 v.
1435 2235 1436 2248 ,

83 2315 86 2326 s
123 2288 126 2289 ’
227 2264 230 2268 ’
266 2271 409 2362 Πίρος).“
440 2280 487 2345 At
507 2279 686 2352 Muellerus
712 2279 814 2374 [Dor.
834 2285 885 2369 II,-
905 2274 1000 2370 4291]
1024 2281 1134 2347 Pirum
1157 2279 1258 2366 latum
1282 2295 1363 2342 esse

265 2377 456 2446 hodiernum
475 2379 662 2447 Kamiuitna
683 2387 717 2447 et
736 2381 1007 2462 Melam·1fluvinm
1026 2379 1112 2444 illius
1132 2375 1365 2444 secundarium

144 2499 146 2504 ·
266 2479 424 2562 opinatur.
451 2475 522 2570 (Of.
538 2478 620 2546 Call.
641 2469 683 2546 in¹
695 2481 766 2547 Iov.
787 2483 838 2546 28.
859 2477 955 2546 Dion.
969 2477 1044 2544 Per.
1065 2480 1137 2542 416.
1157 2473 1244 2556 Str.)
1263 2475 1364 2542 Eun-

266 2575 341 2642 dem
361 2579 489 2643 fluvium
510 2579 543 2643 in
561 2579 778 2670 Pharenslum
798 2597 883 2668 agro
903 2583 1122 2666 nuncupatum
1142 2582 1257 2641 narrat
1270 2575 1364 2640 Pau-

191 2753 193 2756 .
266 2677 381 2744 sanius
408 2675 508 2764 (Vll,
528 2679 586 2764 22,
607 2683 656 2762 1.)
684 2677 810 2766 Πίερον
831 2699 891 2766 pro
915 2678 1043 2766 Πείρῳ,
1074 2676 1170 2762 idque
1196 2673 1363 2764 posterius

144 2857 147 2876 1
265 2772 385 2846 nomen
407 2778 438 2842 ei
458 2768 598 2842 amaris
624 2779 748 2860 accolis
773 2777 908 2846 indiurm
932 2795 1010 2844 esse
1037 2777 1177 2842 coniicit.
1217 2775 1259 2840 In
1279 2773 1364 2860 ripis

267 2877 339 2942 eius
358 2877 563 2964 platanorum
589 2877 682 2946 lucus
708 2885 762 2944 est
786 2885 880 2946 tanta
900 2878 1053 2945 arborum
1071 2869 1296 2964 magnitudine
1318 2891 1363 2938 ex

266 2977 341 3063 ipsa
360 2981 548 3064 vetustate,
579 2981 615 3042 ut
634 2978 722 3043 intra
742 2995 923 3066 cavernas,
954 2978 1029 3064 quia
1049 2976 1169 3044 multae
1190 2989 1364 3040 concavae

267 3080 355 3160 sunt,
377 3075 430 3160 qui
450 3077 554 3142 velint
574 3081 608 3144 et
628 3063 752 3163 epulari
773 3067 807 3143 et
827 3077 1019 3144 recumbere
1038 3075 1175 3163 possint.
1205 3074 1246 3159 In
1265 3070 1364 3139 Dod-

267 3175 369 3240 wellii
390 3193 516 3262 quoque
536 3177 708 3244 itinerario
729 3177 784 3262 (l,
805 3181 834 3241 1.
856 3199 886 3264 p
908 3179 987 3242 164:
1001 3177 1069 3262 sq.)
1095 3173 1208 3260 plures
1228 3176 1262 3238 et
1282 3190 1365 3259 per-

229 3325 233 3349 2
267 3293 411 3364 magnae
443 3283 662 3362 memorantur
695 3278 837 3365 platani,
868 3282 1033 3361 totumque
1065 3273 1172 3338 lucum
1205 3273 1365 3338 ulusuari

267 3373 347 3442 dicit
367 3393 388 3441 a
407 3375 512 3443 Plinio
533 3375 633 3463 (ΧΠ,
654 3379 684 3462 1,
705 3378 752 3456 b.)
772 3375 964 3445 Siebelis'ius
985 3373 1028 3439 ad
1047 3371 1146 3440 Paus.
1166 3373 1188 3437 1.
1209 3389 1237 3438 c.

293 3557 296 3562 .
352 3506 455 3573 Vicus
477 3501 825 3592 εε1παλαιὰἈχα1α
845 3505 932 3574 haud
952 3507 1067 3595 procul
1087 3506 1132 3572 ab
1152 3505 1236 3572 ostio
1257 3503 1363 3570 dumi-

269 3609 322 3674 nis
342 3607 550 3696 Haminitzae
571 3605 756 3700 (lisbourg
787 3625 890 3696 prope
916 3607 1035 3674 absunt
1062 3604 1182 3671 rudera
1209 3605 1364 3689 antiquae

270 3705 361 3773 urbis
390 3703 495 3773 Oleni.
536 3709 593 3774 Hx
621 3707 717 3774 huius
744 3709 846 3796 igitur
874 3705 1046 3774 ruderibus
1075 3707 1111 3772 in
1137 3703 1364 3771 deversorium

271 3805 427 3884 παλαιοῖς
445 3807 591 3892 Ἀχαΐας
612 3805 743 3873 delatae
763 3807 886 3893 aliquot
904 3807 1133 3895 inscriptiones
1155 3810 1250 3888 suut,
1280 3819 1363 3888 quas

270 3899 404 3972 enhibet
437 3906 624 3974 Boeckhius
658 3908 693 3973 in
724 3905 821 3993 Corp.
852 3906 1004 3995 Inscript.
1039 3905 1198 3972 Graecar.
1229 3899 1304 3968 Vol.
1334 3901 1361 3966 Ι.

270 4003 360 4072 Part.
380 4009 410 4068 4.
431 4028 462 4094 p.
483 4005 731 4072 114.“Ν..1544.
753 4007 956 4096 14411541.
978 4007 1069 4092 meo.
1091 4005 1182 4068 1551.
1306 3997 1307 4005 ‘

162 4223 165 4230 Ι
352 4137 461 4222 Prope
497 4138 642 4204 Araxum
677 4139 928 4226 promontorium
961 4137 1105 4222 Tichos,
1142 4135 1362 4222 Dymaeorum

273 4236 452 4324 castellum,
473 4237 568 4304 situm
590 4243 662 4304 erat
682 4237 755 4306 loco
776 4231 967 4326 opportuno,
980 4232 1066 4322 <prod
1079 4234 1209 4302 fabulae
1222 4237 1364 4304 narrant
1435 4329 1436 4332 Ἴ
