2844 4952
498 333 770 412 -lbl-

162 522 335 619 Lydiadas
348 527 512 596 bisannis
532 543 666 614 operam
685 523 795 614 dedit,
823 531 860 594 ut
880 532 1052 616 superaret
1072 529 1181 619 gloria

74 631 241 717 Arabum,
262 647 358 715 quum
379 627 447 694 alia
465 627 582 714 multa,
604 643 689 713 quac
709 647 777 694 non
797 625 994 696 videbantur
1019 647 1181 696 neccssa-

75 733 162 816 ria,
182 738 251 796 tum
279 725 522 814 expeditionem
546 726 665 794 indixit
692 730 726 794 in
756 727 1055 816 Lacedaemonios,
1075 735 1103 812 ³)
1130 731 1182 796 cni

75 831 160 916 qnia
180 827 406 896 reluctabatur
427 827 554 892 Aratus
566 827 669 894 *mstis
690 833 744 896 est
766 847 839 896 cum
861 847 902 896 eo
923 823 1087 916 aemulari.
1109 829 1182 898 Ve-
1288 857 1289 866 ,

74 949 151 994 ram
175 929 278 997 etiam
299 925 488 1001 declaratus
509 928 626 994 iterum
645 926 814 1014 Lydiadas
833 934 967 1017 praetor
984 937 1101 997 contra
1121 947 1184 1018 pu·

75 1035 213 1116 gnante
232 1047 277 1096 ex
291 1028 441 1116 professo
454 1027 561 1094 Arato
577 1031 676 1112 atque
691 1033 880 1115 praeturam
894 1029 1069 1120 ambiente.
1103 1029 1185 1096 Mox

76 1147 181 1214 quum
207 1125 353 1197 seeundo
386 1144 485 1192 cursu
511 1126 642 1194 tertam
669 1144 798 1214 quoque
828 1133 1017 1215 praeturam
1045 1127 1185 1215 adeptus

76 1234 177 1296 essct
198 1233 299 1313 atquc
312 1228 348 1292 in
359 1230 514 1312 apertam
529 1242 604 1298 eum
615 1225 720 1294 Arato
734 1227 898 1316 erupisset
910 1228 1106 1294 inimicitiam
1117 1227 1185 1294 eri-

75 1330 227 1396 minatus
247 1326 337 1394 illum
357 1329 410 1391 est
430 1322 518 1411 apud
537 1325 707 1412 Acbaeos,
729 1324 791 1394 sed
811 1328 978 1415 reprdsam
998 1332 1108 1393 tamen
1129 1332 1184 1393 tu-

77 1430 118 1495 lit
138 1426 251 1522 (Plut.
272 1427 368 1492 Arat.
390 1442 419 1490 e.
438 1417 523 1514 Ab).
569 1425 740 1496 bnsnodi
752 1445 835 1496 vero
856 1424 1062 1497 clandestina
1080 1443 1185 1494 cona-

78 1530 174 1594 mina
200 1523 451 1610 invidiosaeque
478 1522 619 1592 insidiae
650 1545 748 1614 quum
777 1545 822 1595 ne
855 1527 898 1594 ab
932 1527 1030 1594 Arati
1057 1524 1185 1612 quidem

29 1618 31 1628 ’
80 1621 195 1702 animo
222 1625 345 1706 aliona·
366 1623 506 1711 tuerint,
544 1625 632 1694 altar
659 1627 758 1696 alteri
778 1627 851 1716 pari
871 1645 936 1715 par·
954 1627 1109 1696 retulisse
1129 1629 1184 1694 vi-

79 1726 191 1795 detur.
1062 1735 1066 1742 ‘

602 1927 611 1944 .
639 1883 691 1946 oo.

83 2000 195 2066 Marci
216 1999 400 2084 Ocrpnanaa'a
419 2019 510 2066 mora.
530 1875 770 2068 Aribtomacbua
790 2003 836 2067 II.
856 2003 1048 2086 Argiuorum
1068 2002 1183 2086 aliique

184 2104 316 2184 wacca
332 2102 473 2186 amposta
491 2102 602 2186 positas
621 2101 714 2164 arbes
733 2103 872 2166 Actaeo
892 2102 1076 2196 adarguat.

170 2239 372 2326 diametrius,
392 2245 455 2306 rex
473 2237 701 2328 Macedoniae,
723 2257 786 2329 quo
799 2258 887 2308 anno
896 2241 1075 2328 Philippum
1088 2238 1186 2306 filiam

84 2341 218 2428 orbius,
239 2341 445 2429 Antigonum
463 2345 573 2407 autem
593 2344 734 2407 tutorem
752 2341 932 2428 reliquerit,
951 2340 1108 2428 Polybius
1123 2341 1184 2426 (ΙΙ,

85 2445 145 2530 44,
165 2434 221 2530 2.)
246 2438 415 2526 declarat,
442 2440 506 2508 snb
536 2441 642 2529 ipsum
667 2441 799 2528 inquam
818 2447 945 2529 tempus
968 2439 1187 2529 expeditionis

85 2541 311 2608 Romanorum
337 2541 373 2606 in
399 2541 554 2627 illyrios,
579 2543 644 2606 229
673 2557 703 2606 a
734 2539 812 2608 Cha
833 2537 906 2634 [Oi.
927 2540 1069 2608 Glinton,
1090 2540 1111 2606 Ι.
1133 2534 1185 2630 d.)

86 2641 277 2725 Demetrias
296 2636 484 2726 lllyriorum
503 2659 620 2730 regem
639 2643 813 2731 Agronem
827 2643 1015 2728 condtavit,
1034 2641 1091 2726 qui
1108 2659 1188 2706 sns-

88 2747 186 2829 cepto
214 2741 300 2808 bello
329 2737 418 2806 haud
446 2737 544 2808 dubie
565 2743 731 2828 superior,
757 2742 852 2819 nimia
882 2742 992 2808 iaetus
1018 2758 1062 2806 ca
1080 2741 1188 2806 fclici-

88 2840 178 2930 ta'te,
194 2846 350 2913 umortcm
384 2838 707 2908 comessationibus
741 2840 962 2928 acceleravit,
1003 2839 1121 2906 relicta
1151 2840 1186 2906 in

89 2962 200 3031 regno
221 2955 326 3010 uxore
346 2939 464 3006 Teuta
511 2939 588 3006 Hac
616 2941 926 3028 proxinaacstate
945 2957 1053 3006 novas
1074 2939 1188 3026 copias

89 3046 124 3110 in
145 3042 323 3111 maccam
343 3045 378 3106 et
395 3036 582 3126 Corcyram
608 3042 748 3109 insulam
776 3040 1094 3130 inprimisimmisit,
1123 3055 1187 3124 quo
1240 3085 1248 3102 -.

90 3149 241 3232 tompore
261 3159 357 3227 quum
377 3138 506 3206 Achaei
534 3139 764 3208 submisissent
792 3143 922 3210 Aetolis
942 3149 978 3208 et
998 3139 1189 3228 corcyren-

91 3243 186 3311 arbns
203 3241 329 3308 auxilia
348 3240 483 3312 navalia
502 3235 640 3330 [decem
661 3245 851 3308 constratas
871 3238 1019 3332 naves],
1041 3241 1127 3328 pulsi
1147 3240 1189 3306 ab

92 3344 216 3431 illyriis
236 3340 280 3407 ad
299 3340 412 3408 Paxos
431 3339 573 3404 insulam
593 3341 664 3406 acri
683 3341 826 3427 proelio,
846 3341 995 3406 Marcum
1016 3338 1194 3428 cerynen..
1279 3413 1283 3420 .
1327 3321 1330 3328 '

92 3462 183 3529 sem,¹
203 3441 309 3508 rmum
329 3455 417 3527 erga
436 3455 606 3506 commune
620 3437 832 3506 Achaeorum
851 3439 938 3506 omni
951 3439 1051 3505 omcii
1063 3455 1192 3524 genere
1289 3479 1291 3486 ·

93 3559 242 3630 semper,
263 3538 370 3626 quoad
390 3537 486 3625 unxit,
506 3539 649 3628 egregie
676 3537 842 3627 iunctum,
870 3539 927 3623 qni
957 3536 1087 3604 tertium
1112 3541 1195 3603 tune

94 3647 232 3730 praetor
249 3641 431 3708 exercitam
451 3637 630 3749 ductabat,
650 3639 843 3727 anserum,
862 3639 928 3704 Ἀθ
940 3653 971 3704 a
986 3633 1064 3704 Chr.
1101 3635 1193 3704 Navi

140 3918 170 3989 3)
194 3894 323 3986 suscepti
339 3913 470 3981 igiturest
482 3916 550 3989 brec
565 3919 700 3990 expeditio
720 3915 766 3970 01:
777 3919 836 3980 136,
848 3899 882 3979 s,
903 3934 958 3969 non
978 3915 1020 3967 01.
1041 3917 1100 3982 137,
1122 3918 1145 3976 1,
1166 3919 1196 3966 ut

196 4001 344 4055 Scirornius
363 4000 393 4068 (Ι.
413 4013 437 4052 c·
455 4019 482 4071 p.
498 4003 557 4070 91.)
580 4005 681 4068 voluit,
710 4003 817 4056 duobus
844 4001 922 4055 annis
946 4010 1086 4072 postquam
1113 3998 1196 4052 Cleo·

195 4105 286 4141 manca
306 4101 414 4152 rognum
433 4086 547 4156 adeptos
565 4099 619 4152 est,
640 4107 710 4160 quac
728 4100 823 4160 postea
842 4089 992 4142 accuratius
1010 4084 1195 4139 tractabimus.

193 4173 321 4228 Sebornii
340 4173 520 4232 coniecturae
538 4176 610 4227 circa
628 4175 700 4230 hane
718 4191 773 4228 rem
792 4177 843 4228 atsi
857 4190 912 4228 mon
923 4168 1192 4246 prorauadispiieent‚

119 4281 124 4292 *
203 4270 294 4314 tamen
313 4263 394 4315 ctiam
412 4277 469 4316 aon
488 4260 663 4316 satisfaciunt.
