2844 4952
456 329 732 442 ..175ss-

73 560 164 626 bunus
184 561 218 624 et
236 552 581 645 Schweighaeuserus
594 563 767 625 noverunt.
788 555 984 645 Pausanias,
997 557 1051 645 qui
1062 554 1145 653 (w,

72 660 122 745 ab,
147 655 296 742 aviti,
316 657 377 743 27,
404 650 476 747 10.)
503 655 687 746 Lydladam
715 658 750 752 in
777 675 819 728 ea
845 665 961 748 pugna
981 656 1144 728 cecidisse

71 759 182 844 scribit,
207 753 425 844 corrigendus
446 764 509 824 eat.
552 755 714 825 Caussam
744 758 815 826 irae
843 757 1029 828 Cleomenis
1058 762 1146 828 male

72 859 290 946 interpretatur
318 855 475 944 Polybius
505 851 581 949 (Π,
609 858 661 922 lib.
684 859 724 925 cf.
751 859 863 926 Lucas
889 859 912 926 L
941 877 970 926 c.
996 881 1028 950 p.
1053 853 1145 954 80.)

70 957 252 1024 Plutarchus
272 953 419 1047 (Cleom.
442 973 470 1024 c.
484 953 560 1049 dd.)
583 955 793 1026 Cleomenem
819 956 979 1026 defendit:
1009 956 1058 1037 ὠς
1084 963 1146 1028 καὶ

71 1061 129 1125 criu
148 1061 229 1144 napi
257 1049 421 1149 Μεγάλην
449 1048 552 1124 πόλιν
582 1055 637 1126 ὑπ’
675 1056 780 1150 ὀργῆς
808 1052 947 1146 μᾶλλον
982 1049 1144 1149 pauide

71 1154 153 1242 αὐτῷ
173 1150 427 1247 πεπραγμένων
449 1154 514 1247 (ci.
535 1159 594 1226 vit.
615 1159 739 1247 Philop.
768 1177 797 1226 c.
817 1152 872 1250 b.)
900 1164 934 1226 et
960 1159 1146 1228 Pausanias

70 1253 172 1349 (VIII,
192 1253 283 1350 Aa),
305 1259 358 1347 qui
378 1275 495 1348 regem
515 1261 677 1328 saevitiae
696 1261 898 1349 poenituisse
917 1265 1043 1328 narrat
1063 1259 1145 1328 Phi·

70 1359 268 1445 lopuemenis,
296 1360 360 1425 iam
388 1361 527 1449 triginta
554 1377 660 1427 annus
690 1361 780 1448 nati,
807 1365 875 1428 tum
899 1359 1006 1428 virtus
1030 1361 1146 1428 enituit

70 1457 154 1534 (Plut.
173 1459 298 1548 Philup.
319 1477 348 1526 c.
369 1460 400 1524 b.
423 1460 545 1528 Cleom.
567 1479 595 1527 c.
616 1455 763 1526 ua-an
783 1461 879 1528 Arat.
901 1477 930 1528 c.
950 1459 1002 1525 lb.
1030 1459 1145 1550 Polyb.

68 1557 109 1644 11,
126 1561 184 1646 oo,
204 1560 331 1627 4-14.
361 1561 419 1648 ou,
442 1563 471 1624 1.
492 1563 523 1626 a.
553 1563 770 1649 cns-11.
809 1561 908 1628 urus.
929 1558 1014 1648 v11,
1043 1561 1086 1648 a,
1111 1561 1144 1626 a.

70 1655 154 1747 llll,
172 1663 223 1725 aa.
245 1659 353 1750 squ).
374 1659 531 1748 Polybius
550 1659 648 1752 (IX,
668 1656 839 1754 1a-aa.]
858 1661 914 1728 ubi
934 1657 978 1728 de
997 1660 1145 1750 partibus

68 1759 135 1824 artis
153 1760 385 1847 imperatoriae
405 1757 567 1850 disputat,
599 1763 693 1829 Arati
720 1763 912 1851 imperitiam
938 1760 981 1830 ad
1008 1759 1145 1852 Cynae-

68 1858 161 1947 thum,
189 1860 332 1950 Philippi
358 1869 499 1949 peccatu
526 1861 569 1928 ud
596 1863 800 1949 Melitaeam,
819 1863 938 1930 Niciae
958 1860 1144 1938 erroresin

67 1954 166 2026 Sicilia
185 1966 219 2028 et
239 1959 426 2030 Cleomenis
445 1961 489 2029 ad
509 1963 736 2052 Megalopolim
759 1964 937 2051 vituperat

134 2111 260 2178 Aratus
279 2111 313 2178 in
335 2112 473 2180 concilio
487 2112 638 2180 ‘lacrimis
667 2112 752 2182 adeo
781 2114 892 2182 oblisis
916 2111 1145 2203 Megalopolim

66 2207 259 2278 aCleomene
278 2208 420 2278 dirutam
440 2229 518 2280 esse
538 2214 734 2302 exposuisse
754 2211 872 2280 dicitur
885 2219 920 2282 et
939 2203 1144 2302 mon'quuru

66 2305 245 2378 Cleomenes
262 2311 471 2400 Argivorum
488 2330 596 2404 agros
609 2311 881 2402 depopularetur,
901 2313 1024 2403 Argivi
1036 2312 1144 2382 abla-

66 2406 334 2500 cedonumlrege,
363 2413 471 2502 Argis
503 2419 743 2507 commorante,
775 2414 900 2482 irustra
934 2413 1056 2480 auxilia
1080 2432 1143 2504 pe-

66 2506 132 2574 tisse
151 2511 365 2598 perhibentur
384 2509 490 2605 [Plut.
512 2511 635 2582 Cleom
658 2533 687 2581 c.
708 2517 760 2581 25.
780 2513 895 2603 Polyb.
909 2515 955 2602 11,
974 2517 1053 2602 bit),
1073 2515 1144 2582 sei-

66 2605 129 2675 licet
141 2613 263 2700 speciei
278 2629 401 2678 caussa
415 2615 589 2682 revocavit
601 2616 719 2682 milites
740 2634 760 2682 e
780 2613 977 2686 Macedonia
995 2613 1143 2702 Antigo-

67 2724 127 2798 nus,
146 2714 199 2800 qui
212 2713 323 2780 serius
337 2730 536 2803 convenere,
557 2721 656 2804 atque
669 2713 709 2808 id
723 2716 804 2804 egit,
832 2720 867 2781 ut
880 2713 1009 2784 Achaei
1025 2717 1059 2780 et
1079 2710 1145 2780 de-
1294 2743 1303 2758 =

65 2803 217 2916 bilitatilet
238 2814 411 2908 conterriti
430 2815 533 2904 ipsius
553 2815 619 2884 vim
639 2832 681 2882 ac
704 2815 943 2904 praestantiam
968 2813 1141 2882 sentirent
1221 2885 1227 2900 ⁸

133 2968 274 3036 Aestate
293 2969 427 3036 ineunte
449 2963 516 3048 (01.
537 2971 609 3059 lat),
624 2971 672 3049 1.)
691 2973 865 3058 postquam
885 2973 919 3036 et
937 2966 1142 3038 Macedones

65 3065 236 3136 atAehuel
268 3079 498 3138 convenerunt
526 3072 717 3161 Antigonus
746 3069 895 3162 Tegeam
924 3069 1143 3158 proficiscitur

65 3160 127 3232 inde
149 3170 182 3235 in
196 3169 391 3238 Laconiam
419 3172 610 3239 invasurus
653 3169 848 3240 Cleomenes
877 3189 960 3252 vero
989 3171 1056 3238 alia
1085 3169 1161 3244 via,

64 3261 163 3354 Argus
183 3271 399 3358 copias‘suas
419 3269 520 3360 ducit,
540 3268 805 3361 Argivorumqu'e
826 3289 930 3362 agros
948 3271 1035 3338 icrrc
1051 3270 1142 3358 igni-

63 3377 115 3444 que
139 3367 256 3436 lterum
276 3368 511 3461 depopulatur,
541 3371 734 3461 Phliuntem,
757 3368 964 3462 Cnogyrtum
978 3371 1074 3459 'capit
1106 3373 1145 3436 et‘
1269 3411 1273 3416 -

65 3455 290 3537 0rchomenum
303 3464 525 3562 aggredimur.
580 3469 705 3554 Quibus
738 3463 847 3540 rebus
867 3471 1007 3538 feliciter
1031 3468 1141 3560 gestis
1227 3468 1233 3486 ¹

62 3562 172 3636 hulam
187 3571 258 3652 ¹sibi
279 3571 353 3638 boni
373 3570 466 3639 ducis
486 3573 627 3662 gloriam
649 3573 867 3661 comparavit,
894 3577 930 3638 ut
950 3589 1017 3640 mon
1037 3568 1143 3638 solum

62 3663 120 3729 suis
138 3687 230 3756 spem
250 3671 374 3738 laetam
393 3673 566 3763 excitaret,
587 3673 648 3742 sed
670 3675 859 3762 Antigonus
880 3671 978 3740 etiam
1005 3687 1068 3760 per
1087 3671 1142 3738 in-

63 3761 180 3848 tegrum
205 3771 285 3836 anni
310 3773 452 3860 spatium
478 3793 546 3842 non
575 3775 640 3842 nisi
666 3774 795 3842 levibus
821 3771 955 3862 proeliis
977 3764 1049 3838 cur'u
1068 3771 1141 3860 ipso

64 3867 209 3954 congredi
229 3871 385 3959 viresque
406 3875 570 3961 copiarum
584 3868 715 3942 suarum
729 3861 873 3964 experiri
886 3869 1032 3940 auderet.
1047 3866 1142 3954 Quod

63 3959 159 4032 lemen
178 3969 284 4057 ipsum
297 3989 337 4038 eo
351 3973 466 4040 maiori
478 3976 577 4042 exitio
593 3973 762 4043 Cleomeni
782 3979 865 4062 erat,
886 3975 962 4062 quia
977 3973 1062 4042 omui
1078 3991 1142 4061 po-

63 4061 216 4141 pulatione
235 4071 416 4158 prohibitus
436 4091 501 4140 nec
521 4075 674 4142 militibus
694 4093 759 4142 nec
778 4073 992 4154 mercenariis
1012 4073 1141 4160 stipem-

61 4153 316 4353 &locustum
335 4175 437 4263 potuit
462 4172 569 4271 (Plut.
599 4173 722 4244 Cleum.
742 4196 772 4246 o
791 4179 843 4244 bb.
864 4178 915 4243 27.
950 4173 1064 4263 Polyb.
1095 4169 1142 4260 II,
