2844 4952
640 339 813 457 -t-oss
842 371 911 442 1-

233 534 320 610 hanc
335 536 435 624 “quasi
454 533 687 624 dormientem,
713 551 789 602 mox
814 540 924 601 tamen
951 503 1154 624 irrupturam
1175 525 1328 604 averten-

137 640 141 648 '
232 634 308 702 dam
335 635 611 712 esse-intellexit.
659 635 747 701 Hinc
776 635 878 723 igitur
910 634 985 701 belli
1006 635 1093 701 illius
1116 635 1263 723 initium,
1290 635 1327 702 de

100 793 102 800 ,
233 753 296 820 quo
327 735 506 822 scriptores
534 739 659 801 tantum
688 736 723 800 in
749 731 903 802 diversas
924 734 1048 801 abiisse
1069 733 1261 827 sententias
1280 739 1328 803 vi-

117 918 120 926 ,
232 831 367 921 dentur,
388 831 651 921 quod-Polybius
672 839 707 901 et
726 831 986 921 Pausanias‚'ni
1005 835 1104 902 fallor
1125 811 1223 902 recte
1244 841 1328 903 uter-

233 951 314 1022 que,
334 931 561 1020 Cleomenem,
582 933 778 1001 Plutarchus
797 951 880 1001 vero
900 935 1039 1001 Aratum
1066 935 1241 1022 incepisse
1260 934 1327 1001 bel-

140 1072 144 1077 .
233 1035 476 1108 lumscribunt.
496 1032 569 1126 (Gi.
589 1034 709 1104 blanso
729 1033 751 1099 l.
772 1051 801 1100 c.
822 1035 892 1123 ΙΙΙ,
916 1037 945 1098 1.
967 1057 999 1122 p.
1020 1035 1094 1100 alo.
1118 1031 1220 1126 sqq.)

316 1133 574 1202 Verumlrucae
594 1131 724 1200 dubium
744 1153 812 1201 non
832 1140 905 1223 est,
934 1135 1011 1220 quin
1035 1133 1082 1216 in
1101 1135 1237 1200 emissis
1257 1132 1327 1198 belli

158 1261 161 1271 ι
233 1231 433 1302 Cleomeniei
446 1231 651 1323 exponendis
664 1233 821 1322 Polybius
834 1234 1027 1302 Aetolorum
1042 1232 1324 1304 contreAchaeos

232 1331 387 1401 invidiam
407 1340 442 1401 et
462 1334 540 1402 belli
560 1331 726 1400 excitandi
747 1332 916 1415 consilium
935 1349 977 1400 ao
996 1324 1212 1421 cupiditatem
1232 1349 1325 1420 pree-

138 1497 144 1512 ,
233 1431 332 1506 dandi
352 1431 566 1522 rapiendique
586 1433 680 1519 quasi
692 1434 849 1520 innatam,
868 1451 929 1521 pro
943 1451 981 1501 re
995 1434 1107 1520 aliqua
1121 1451 1207 1500 vere
1220 1437 1324 1522 gesta,

232 1535 401 1621 profacto
421 1535 526 1634 igiturx
543 1531 682 1620 quodam
702 1535 869 1620 acceperit
888 1551 930 1599 ac
950 1535 1137 1622 narrationi
1157 1549 1242 1600 suae
1254 1537 1324 1598 tan-

233 1651 330 1720 quam
348 1631 597 1701 fundamentum·
610 1634 831 1700 substruxerit
856 1634 892 1717 (l.
914 1651 942 1699 c.
963 1635 1094 1721 μω).

231 1731 233 1735 “
316 1728 421 1814 Quam
430 1735 495 1802 viri
511 1731 690 1801 doctissimi
704 1734 902 1801 sententiam
916 1735 1044 1800 etiamsi
1056 1736 1259 1822 impugnare
1273 1733 1322 1796 uix
1339 1793 1342 1798 .

233 1829 382 1921 audeam,
400 1831 479 1899 illud
492 1839 602 1902 tamen
617 1851 675 1900 cur
688 1831 953 1902 animadvertere
967 1835 1111 1901 noluerit
1123 1835 1241 1899 miror.
1254 1831 1322 1896 Pri-

231 1951 317 2003 mum
338 1933 424 2000 enim
444 1933 611 2022 Polybius,
633 1925 719 2021 quod
744 1929 848 2022 ipsum
867 1935 933 2001 iam
953 1951 1055 2022 supra
1075 1933 1321 2005 demonstraba-
1404 1901 1405 1978 ¹

233 2051 324 2120 mus,
341 2031 507 2112 derebus
529 2036 754 2102 consecuturis
774 2033 901 2102 demum
915 2037 1048 2122 saepius
1062 2035 1113 2100 ita
1126 2033 1215 2120 loqui
1235 2033 1321 2117 solet,

233 2135 328 2220 quasi
359 2135 491 2201 iamre
517 2153 600 2202 vera
625 2140 722 2203 actae
747 2141 934 2225 gestusque
960 2136 1037 2202 sint.
1089 2130 1320 2202 Commemorat

232 2235 333 2323 igitur
362 2234 554 2302 Aetolorum
584 2254 656 2302 eum
683 2234 954 2304 Lacedaemoniis
985 2231 1103 2302 foedus
1133 2235 1247 2322 paucis
1266 2229 1319 2296 de·

232 2352 318 2399 mum
338 2337 434 2400 annis
455 2341 532 2422 post
560 2337 660 2403 ictum
690 2342 845 2423 tanquam
873 2355 914 2404 eo
939 2337 1004 2403 iant
1031 2342 1182 2424 ternpore
1209 2323 1335 2414 initum

233 2451 298 2520 quo
319 2435 487 2521 coeperint
506 2436 632 2522 primae
651 2437 737 2504 inter
757 2435 966 2504 Cleomenem
985 2441 1086 2522 atque
1107 2435 1264 2501 Achaeos
1276 2429 1319 2496 si·

233 2533 387 2600 multetes
405 2535 539 2622 *agitari
579 2532 713 2628 (Polyb.
750 2536 802 2624 ll,
834 2534 921 2624 ln).
980 2535 1086 2604 Porro
1121 2535 1317 2602 incursiones

233 2631 567 2702 Lacedaemoniorum
586 2635 731 2703 hostiles¹
744 2637 778 2702 in
798 2635 971 2722 Achaiam,
991 2635 1204 2702 Achaeorum
1224 2649 1318 2719 expe-

233 2731 373 2801 ditiones
386 2734 427 2802 -in
448 2737 533 2804 alias
560 2738 718 2826 regiones
739 2742 896 2802 accurate
916 2733 1176 2823 distinguendae
1194 2729 1316 2800 suntab

232 2833 300 2921 iis‚·
316 2850 401 2919 quae
432 2841 548 2902 exorto
575 2833 703 2902 demum
728 2836 886 2903 communi
913 2837 947 2902 in
978 2835 1211 2922 Peloponneso
1240 2828 1316 2900 bello

233 2938 411 3020 susceptae
431 2940 517 3001 sunt.
567 2933 698 3002 Invidia
723 2943 832 3002 autem
852 2933 1093 3024 Spartanorum
1114 2930 1149 3002 et
1169 2931 1315 3002 Achaeo·

232 3053 304 3100 rum
332 3039 368 3100 ut
394 3051 558 3119 nunquam
586 3037 915 3123 sopita,2ita÷erupit
933 3037 968 3101 in
988 3045 1132 3123 apertas-
1145 3027 1315 3100 simudtates

233 3136 299 3200 iam
319 3151 406 3200 anno
426 3137 490 3199 228
510 3151 541 3200 a.
564 3131 661 3223 Che„
674 3135 792 3202 bellurn
812 3141 921 3202 autem
948 3134 1191 3204 Cleomenicum
1219 3131 1314 3197 hieme
1402 3150 1403 3158 ¹

235 3235 342 3324 coepit
362 3237 437 3324 geri
456 3237 519 3300 224
538 3251 569 3300 a
591 3231 670 3302 Ohr.
690 3233 762 3319 (Of.
783 3231 978 3324 Schweigh.
989 3234 1042 3302 ad
1061 3235 1178 3324 Polyb.
1198 3233 1251 3318 ll,
1268 3230 1313 3310 tl,

116 3359 120 3366 ⁴
234 3337 285 3400 le
314 3341 349 3402 et
371 3334 545 3402 Reislriunt
573 3332 671 3422 ibid.)
698 3335 818 3422 Neque
847 3338 976 3404 omnino
1007 3342 1061 3403 est
1089 3349 1210 3404 caussa
1232 3327 1312 3395 satis

223 3433 381 3525 idonea,-
393 3452 451 3500 cur
470 3433 597 3523 Polybii
617 3435 738 3524 verba,
759 3436 959 3524 „Aetolos“‚
981 3437 1099 3527 quippe
1112 3453 1194 3521 quos
1207 3427 1312 3497 malex-

233 3541 339 3601 trema
360 3533 523 3602 Graeciae
550 3535 675 3602 liberae
701 3542 849 3624 tempora
873 3535 1083 3604 Achaeorum
1113 3536 1227 3602 hostes
1253 3543 1312 3594 non

211 3637 339 3703 solum
358 3636 459 3702 hrisse
471 3635 542 3703 sed
562 3633 645 3703 adeo
666 3653 745 3703 csse
765 3635 920 3703 debuisse
940 3639 1137 3724 noverimus,
1147 3632 1223 3700 lnisi
1240 3645 1311 3716 pro·

17 3723 19 3756 ³
89 3803 95 3818 ,
122 3780 125 3785 -
212 3737 339 3822 'priam
364 3733 505 3820 perdere
532 3736 695 3802 voluerint
720 3729 935 3823 potestatem,
966 3735 1113 3823 „invidia
1142 3727 1311 3799 stimulatos

192 3920 195 3924 ι
235 3854 320 3901 cum·
336 3833 506 3930 Antigono
532 3832 668 3901 Doaone
699 3841 733 3900 et
760 3831 937 3902 Cleomene
966 3853 1066 3902 ausos
1087 3849 1164 3900 essa
1185 3823 1310 3897 consilia

235 3933 278 4000 de
305 3929 525 4020 opprimendis
544 3933 691 3999 Achaeis
703 4007 708 4018 ,
719 3936 974 4002 communicasse
995 3933 1227 4014 amicitiamque
1246 3937 1309 3988 cum

235 4039 372 4119 utroque
393 4031 637 4120 contrahere‘l,
657 4031 840 4099 indubium
860 4052 1024 4112 vocemus.
1066 4029 1140 4118 Etsi
1166 4020 1309 4111 Polybius

235 4152 342 4219 neque
363 4139 490 4220 tempus
510 4131 637 4210 indicat¹
652 4151 716 4200 nec
737 4151 807 4200 rem
827 4133 968 4220 aliquam
987 4137 1101 4218 allent,
1123 4145 1186 4216 qua
1202 4120 1308 4190 certis·

132 4313 135 4321 ¹
236 4235 316 4301 sime
337 4232 552 4311 demonstrari
572 4235 676 4323 possit
696 4235 887 4304 Aetolorum
908 4235 1075 4314 consilium
1094 4227 1172 4299 illud
1184 4223 1225 4292 de
1236 4236 1305 4308 per-
