2902 4956
652 411 702 440 ’--
781 395 951 466 to·-

258 583 424 654 oenone
445 586 579 670 narret,
605 597 720 648 verum
747 586 866 648 tamen-
887 583 1031 671 proterat
1056 585 1156 671 tono,
1184 597 1268 672 qnae
1289 588 1350 652 rix
1423 523 1448 644 «Ι

258 688 315 750 aot
332 701 378 754 ne
394 682 456 750 vix
475 680 604 769 endon
625 683 779 770 coniungi
797 682 886 756 inter
903 697 945 749 sc
964 684 1092 770 possint
1121 691 1220 776 atquo
1240 686 1353 772 expli-
1419 687 1424 694 '

258 785 338 850 cari.
372 779 432 850 Sic
451 783 562 868 itoque
581 782 705 848 nostris
726 791 852 867 quoqne
872 783 1071 870 temporibus
1091 784 1273 868 quaesitum
1287 791 1353 871 est,

196 945 198 956 ,
258 903 334 954 num
360 882 457 948 fuerit
483 882 662 972 Pelasgica
688 887 722 948 et
748 883 921 948 Hellenico
941 899 1029 970 gens
1049 882 1092 948 ab
1112 880 1227 968 eadem
1247 885 1351 971 stirpe

187 1017 188 1020 ι
258 983 406 1071 protecta
431 981 487 1050 vel
515 982 632 1050 saltem
662 983 804 1052 nonnoni
835 979 973 1068 quodam
1003 981 1132 1049 uinculo
1165 983 1352 1071 coniuncta,

258 1101 336 1153 num
353 1080 560 1196 Dorienses,
577 1082 696 1166 Iones,
714 1070 919 1168 Aeolenses,
939 1081 1069 1153 Achaei
1087 1081 1285 1170 Pelasgicae
1306 1100 1352 1147 an

258 1181 460 1256 Helleniooe
474 1181 629 1298 originis,
648 1180 729 1246 nihil
748 1186 886 1268 tamen,
896 1187 1050 1268 quantum
1069 1179 1217 1266 equidem
1237 1183 1352 1267 solnm,

258 1279 343 1369 quod
364 1282 407 1348 al
427 1283 515 1348 omni
534 1286 630 1369 parto
648 1280 833 1349 ahsolutum
851 1279 917 1346 dici
931 1288 1029 1366 atque
1042 1280 1221 1367 perfeetum
1235 1281 1353 1367 possit,

236 1382 330 1458 ‚hoo
342 1382 376 1447 in
398 1399 436 1448 re
456 1379 588 1449 videtur
609 1397 687 1447 esse
706 1379 895 1469 probatum,
922 1387 956 1447 et
976 1383 1132 1448 est'sane
1153 1386 1188 1446 et
1207 1381 1353 1446 manebit

256 1485 387 1574 semper
401 1479 461 1546 sub
474 1477 581 1550 iudice
594 1475 725 1574 lis.(0s.
735 1477 842 1548 crusii
854 1479 970 1546 Hellas
984 1481 1012 1568 l,
1027 1497 1054 1546 c.
1068 1482 1098 1544 5.
1113 1501 1143 1568 p.
1154 1477 1356 1572 893—576.)

256 1581 454 1672 Nupcrrime
482 1599 565 1664 vcro
591 1581 625 1648 in
652 1578 766 1650 eodem
792 1587 986 1669 argumento
1007 1579 1189 1654 elaboravit
1209 1579 1354 1646 llichael

255 1682 424 1768 Lunum,
451 1679 690 1768 Dorpatensis,
720 1679 950 1758 dissertatione
971 1678 1276 1773 Pmlcgomennad
1296 1698 1355 1745 res
1400 1693 1402 1700 ·

256 1780 478 1868 Achaeorum,
499 1782 614 1868 qudnm
635 1783 779 1870 mythico
800 1778 972 1870 Argolico
992 1780 1151 1852 historiae
1177 1777 1356 1867 primordia

256 1879 403 1948 breviter
417 1880 662 1968 adumbrantur,
682 1883 843 1970 inscripta
856 1883 949 1968 1882,
971 1898 1066 1966 quem
1085 1877 1185 1948 volde
1206 1876 1354 1965 equidem

257 1982 394 2046 miratus
414 1991 505 2068 snm,
532 1983 668 2070 primum
694 1979 780 2067 quod
806 1987 940 2070 praeter
955 1980 1064 2045 ‘nnius
1085 1978 1210 2066 Bayeri
1229 1979 1355 2043 Festos

256 2073 424 2146 Achaicus
438 2081 631 2167 inunrotos,
652 2080 750 2146 adum
771 2098 883 2148 eorum
903 2081 1108 2178 scriptorum,
1130 2099 1185 2166 qur
1177 2078 1356 2144 nonnec-

120 2212 125 2222 ·
254 2198 326 2250 rum
356 2197 414 2255 res
445 2185 696 2267 tractaverunt,
731 2179 846 2246 librum
877 2181 1050 2270 cognitum
1085 2179 1185 2251 habet
1216 2178 1356 2256 nulium,

255 2275 375 2354 deinde
403 2277 489 2364 qnod
518 2277 674 2346 eiusmodi
695 2277 919 2348 dissertationi
940 2297 1021 2346 sune
1042 2277 1191 2368 imposuit
1212 2263 1355 2349 titulum,

255 2379 309 2448 eui
328 2395 403 2462 res,
425 2393 508 2461 quas
528 2393 630 2461 opere
651 2373 853 2488 procedente
873 2377 1052 2461 tractavit,
1072 2377 1130 2450 vix
1150 2373 1356 2460 respondere

255 2475 451 2561 ndeomm,
482 2473 610 2540 scilieet
630 2473 826 2560 mnoeminm
844 2479 986 2557 tantum
992 2475 1063 2540 eins
1085 2473 1232 2560 opusculi
1251 2491 1357 2560 para-

254 2569 395 2667 graphio
414 2591 535 2641 novem
552 2573 716 2687 prioribus
736 2569 789 2665 (Ρ.
805 2566 1168 2663 1-18.)thaeorum
1188 2574 1356 2672 antiquio-

255 2681 328 2742 rem
348 2674 571 2768 complectitur
591 2672 659 2740 hist
644 2671 779 2761 teriam,
801 2678 837 2740 ut
857 2665 1030 2778 Polybius,
1050 2673 1252 2762 Pausanias,
1272 2674 1356 2742 Plu-

254 2773 410 2883 iacchus,
431 2771 555 2848 Strabo
576 2774 732 2846 referunt

294 2887 435 2970 Quod
449 2907 532 2958 roro
547 2887 681 2960 nonen
695 2888 812 2959 attinet
825 2887 1035 2958 Achaeorum
1049 2849 1357 2977 denominationem,

256 2988 433 3058 sciendum
446 2995 510 3077 esc,
531 3005 604 3055 eum
625 2984 772 3072 eosdem,
792 2989 848 3074 qui
866 2988 1129 3104 Peloponnesum
1148 2991 1357 3077 monuerint,

257 3089 415 3166 Achaeos
436 3089 501 3156 hoc
519 3087 650 3154 nomine
669 3087 847 3178 insignito3
861 3089 917 3154 ihi
937 3091 1024 3154 onim
1040 3095 1113 3156 erat
1126 3088 1356 3178 Pelopidarum

258 3201 410 3282 regnum,
418 3187 650 3280 qui-Achaicae
660 3187 755 3274 genti
764 3187 867 3276 vulgo
879 3185 1117 3275 adscribuntur,
1128 3183 1243 3275 quique
1252 3205 1356 3276 prae-

257 3289 454 3364 stantissimi
465 3287 597 3354 Troicis
614 3285 812 3374 temponlrus'
826 3289 912 3355 inter
921 3282 1076 3360 ‘Graecos
1096 3289 1238 3380 inerunt,
1260 3289 1360 3353 sicuti

176 3384 179 3392 ’
253 3391 420 3464 'Aeolicae
434 3388 573 3480 originis
588 3405 701 3454 omnes
714 3387 784 3454 iere
798 3387 918 3460 heroes
932 3393 1044 3478 eraut,
1066 3389 1199 3480 quiana
1213 3381 1284 3456 cum
1297 3388 1358 3452 la-

258 3485 600 3576 sone-'expeditionem
613 3488 648 3554 in
662 3486 849 3556 colchidcm
869 3489 991 3559 iecisse
1011 3486 1233 3574 perhibentur,
1267 3481 1358 3554 Hinc

260 3588 766 3677 iomappamtprimamgentem
774 3585 1358 3676 interPelaegosrelpostPelasgo-

168 3684 170 3688 ’
252 3684 1356 3778 ·rnmtempora,quaesummamsitiauotoritntematquepotontinm,

256 3793 304 3858 nt
318 3789 515 3876 potestatem
530 3787 653 3880 dicam
673 3793 760 3858 inter
773 3787 984 3857 Deucalionis
996 3787 1188 3857 lichenisvc
1201 3788 1357 3877 'posteros

267 3949 459 3990 Μ
478 3954 480 3960 ’
557 3959 559 3974 ι
626 3961 628 3970 ι

359 4041 394 4094 nd
411 4039 584 4095 stubiliendnr
602 4057 663 4094 nnat
680 4039 839 4112 opiniones,
859 4055 986 4109 quorsum
1005 4033 1094 4090 statim
1114 4051 1141 4104 p.
1160 4035 1202 4087 37.
1220 4025 1356 4086 sententio

359 4129 393 4180 de
411 4127 525 4194 Pelasgis
543 4126 754 4196 Hellenibnaque
772 4123 907 4195 pertinet,
936 4127 980 4177 cui
997 4120 1164 4180 Herodotus,
1192 4135 1355 4190 quamquam

359 4215 640 4285 imputarentur,
658 4211 822 4283 apertissime
840 4219 930 4264 tamen
950 4211 977 4272 l,
996 4209 1037 4264 5&
1056 4205 1219 4258 advertatur.
1254 4205 1355 4258 Verum

361 4299 441 4352 haina
458 4299 523 4353 libri
540 4297 714 4378 Helvingianl
729 4299 857 4368 deinceps
875 4292 1123 4367 plurr.nombim1u
1140 4292 1212 4344 vitio.
