2902 4956
497 357 547 376 ..-
622 327 793 402 57...

99 529 183 594 hant.
225 521 456 611 Gymnninnr,
486 523 522 586 in
548 537 611 606 prro
631 519 740 607 posita
765 523 876 586 statua
904 527 980 586 erat
1009 521 1189 592 monacho

99 625 284 710 Pallenaea,
314 619 473 708 ltryona
493 621 577 708 tilio,
607 637 675 686 uua
706 638 750 686 ex
780 617 975 706 olympicis,
1010 621 1114 688 tribus
1145 621 1189 690 ab

98 723 278 810 lsthmicis,
297 719 425 786 duabus
445 719 615 787 eNemeis
635 717 721 785 ludis
741 717 784 786 de
805 721 977 806 pancratio
988 721 1112 808 palmis
1131 740 1202 790 re-.

97 824 241 912 portatis
283 821 393 888 Unam
412 821 444 886 ei
464 821 516 886 sui
537 821 630 886 cives
650 837 794 886 emaere
807 815 993 908 Olympiae,
1014 821 1190 888 alterame

97 941 260 990 marmore
273 925 309 988 in
329 921 511 1009 Gymnasio
531 918 734 989 dedicarunt.
769 919 868 986 llunc
883 919 984 1006 bello,
1005 918 1091 1006 quod
1103 922 1190 988 inter

98 1024 287 1090 Pallenaeos
307 1017 551 1087 etcoriuthios
571 1031 705 1109 gestum
726 1025 795 1106 est,
824 1039 922 1085 unum
947 1020 1064 1090 hostes
1094 1039 1200 1108 quam.

97 1123 248 1208 plurimos
268 1127 474 1211 pugnantem
494 1120 658 1212 occidisse
687 1121 865 1188 macoriae
891 1113 1052 1208 proditum
1076 1125 1189 1200 (Faus.

96 1225 201 1310 111,a‚
220 1227 253 1286 o.
273 1225 329 1309 lV,
351 1223 402 1308 lt,
422 1225 480 1300 dr).
520 1221 581 1288 Ab
598 1219 714 1288 eodem
734 1223 834 1288 etiam
855 1216 1027 1308 Olympiae
1048 1239 1189 1310 supera·

97 1325 157 1388 tum
177 1320 446 1409 Polydamantem
462 1317 717 1410 Soooosaeum,
739 1339 802 1408 quo
816 1328 964 1408 tempore
978 1340 999 1387 a
1012 1324 1189 1388 Persarum

99 1439 175 1510 rege
194 1423 230 1488 in
243 1424 392 1510 patriam
412 1439 571 1487 reversus
584 1419 783 1507 Polydamas
802 1422 838 1486 in
852 1417 1054 1508 Olympicum
1075 1427 1188 1490 certa-

98 1524 303 1589 monitorum
323 1519 497 1589 descendit
518 1525 632 1601 (Faus.
647 1525 708 1608 Vl,
722 1524 761 1607 b,
776 1524 831 1600 1.)
872 1517 1081 1588 Chaeronem
1105 1541 1188 1608 quo·

97 1639 153 1707 que
179 1641 303 1712 magno
331 1621 457 1689 honore
485 1623 652 1709 prosecuti
672 1628 749 1688 sunt
768 1621 1002 1710 Pellenenses,
1033 1622 1074 1690 ob
1104 1621 1188 1688 duas

94 1719 132 1787 de
150 1722 241 1790 lucta
260 1723 295 1789 in
317 1722 549 1790 certaminibus
568 1722 754 1788 Isthmiacis
775 1722 832 1789 vel
852 1721 1008 1811 Nemeis,
1035 1728 1187 1809 quattuor

94 1817 428 1912 Olympiaeacc'eptas
446 1823 581 1910 palmas.
613 1823 794 1891 Nominore
807 1811 918 1890 tam'en
931 1842 1005 1890 eum
1018 1829 1187 1912 respuunt,

93 1921 172 2007 qnod
192 1924 435 1989 Pellenensiuru
448 1922 677 2009 rempublicam
691 1914 871 1989 sustulerit.
906 1921 1088 2012 Corruptus
1102 1925 1188 2010 enim

93 2022 131 2088 ab
159 2023 374 2110 Alexandro,
403 2023 541 2112 Philippi
570 2023 655 2109 filio,
684 2021 936 2090 invidiosissimo
958 2023 1186 2092 dominationis

93 2143 240 2213 munere,
260 2138 308 2189 'se
333 2127 463 2212 patriae
489 2129 772 2210 suae-tyrannum
800 2125 924 2211 imponi
949 2125 1044 2190 facile
1064 2142 1200 2211 possus

92 2229 161 2291 erat
181 2224 369 2306 (Demosth.
392 2230 473 2292 oret.
495 2221 538 2290 de
558 2222 714 2291 loederih
737 2242 765 2290 c.
778 2224 884 2290 Alex.
900 2222 1021 2290 Athen.
1035 2227 1094 2312 xl,
1111 2225 1185 2288 boll.

91 2319 495 2413 siobel.ad1’aus.svll,
523 2326 582 2412 at,
613 2329 671 2404 2.).
721 2325 870 2392 Lucinae
899 2322 1002 2392 aedes
1027 2325 1062 2390 in
1089 2328 1186 2412 parte

91 2424 196 2514 oppidi
209 2427 343 2493 minore.
373 2425 572 2512 Neptunium
593 2425 841 2506 (Ποσειδῶνος
860 2419 970 2512 ἱερόν)
989 2443 1092 2513 prope
1105 2425 1186 2492 Ari-

90 2530 261 2593 stonautas
274 2532 316 2594 et
337 2524 454 2612 ὀλίγον
476 2518 562 2612 ὑπὲρ
587 2517 647 2614 τὴν
670 2520 758 2594 ὁδὸν
779 2527 815 2594 ἐν
840 2515 1133 2614 ἀριστέρᾳθαιιε.
1147 2527 1185 2613 ll,

91 2629 148 2715 12,
168 2629 231 2704 a).

169 2727 205 2793 A
228 2727 364 2794 Pellene
391 2724 501 2794 stadia
526 2727 658 2796 circiter
682 2729 865 2818 sexaginta
884 2730 982 2796 abest
1001 2727 1185 2814 Mysaeum,

89 2827 215 2914 llys'ae
237 2825 373 2916 Cereris
394 2829 581 2912 sacrarium¹
596 2833 708 2910 (Faus.
723 2833 767 2926 ΙΙ,
789 2833 847 2918 18,
867 2832 898 2894 d.
919 2827 1042 2896 Herod
1066 2828 1185 2916 fragm.

89 2944 140 3015 ap.
160 2927 273 2994 Herm
295 2951 326 3017 p.
346 2932 420 2995 aba
442 2935 477 2997 et
496 2928 837 2998 Pseudo-Herodian.
859 2932 894 3002 ib
915 2930 1022 2998 Bast„
1038 2926 1113 2995 adn.
1143 2925 1200 2996 ad,

89 3025 231 3116 Gregor.
253 3027 329 3096 Cor.
351 3049 383 3118 p.
400 3032 452 3096 22.
474 3023 604 3097 ἔστιδὲ
625 3026 793 3108 ἅλσοςιὲν
815 3033 867 3115 τῷ
882 3029 1057 3117 Μυσαίῳ),
1078 3045 1185 3114 neque
1278 3017 1280 3026 ’

88 3129 272 3198 Pausaniae
291 3132 411 3198 hocin
432 3150 471 3198 re
490 3130 588 3198 fidem
607 3131 811 3200 Dodwellins
832 3137 895 3219 (ll,
917 3135 953 3219 2,
975 3133 1061 3210 182)
1091 3134 1184 3198 recte
1248 3167 1250 3174 ,

88 3225 216 3295 videtur
229 3228 464 3298 addubitasse.»
482 3233 524 3299 In
537 3234 611 3301 luco
632 3233 808 3322 agitabant
827 3234 932 3305 festos
953 3231 1025 3299 dies
1047 3235 1184 3318 septem.

87 3327 214 3396 blodico
245 3330 435 3418 a·.Mysaeo
466 3333 642 3400 intervallo
674 3335 782 3422 surgit
796 3323 1001 3419 'Aesculapii
1021 3331 1185 3418 templum,
1280 3355 1287 3370 =
1334 3305 1337 3314 ¹

89 3425 195 3515 cyrus
216 3432 431 3521 appellatum,
444 3431 540 3521 .quod
561 3435 711 3524 aegroti,
734 3443 818 3522 quae
839 3433 1015 3521 volebant,
1035 3431 1080 3498 ibi
1101 3447 1183 3496 con-

88 3531 309 3616 sequebantur
329 3537 442 3612 (l’aus.
464 3537 539 3622 Vll,
560 3537 619 3622 27,
639 3539 670 3600 l.
692 3532 843 3616 sichel).
954 3598 959 3612 ,

166 3630 319 3698 Flumina
338 3633 551 3720 itemaliquot
564 3633 771 3702 descendunt
785 3655 804 3702 c
818 3634 993 3720 montilum,
1016 3632 1070 3718 qui
1084 3648 1185 3718 supra
1274 3643 1276 3650 ’

87 3729 242 3796 Pellenen
273 3737 360 3798 sunt.
408 3734 534 3800 Eorum
559 3755 644 3802 unus
672 3733 770 3802 Orias
798 3734 982 3822 appellatus
1008 3729 1183 3798 manatab

87 3845 127 3893 ea
154 3837 267 3917 parte,
304 3849 389 3918 quae
418 3833 581 3922 Aegiram
610 3841 749 3924 spectat.
780 3835 846 3915 (Cf.
872 3836 985 3900 Arnas.
1016 3831 1059 3898 ad
1086 3836 1183 3898 Paus.

87 3925 298 3998 lluell..llor.
321 3935 366 4019 ll,
386 3935 476 4011 428.)
517 3935 616 4002 Alter
635 3955 718 4008 vero
740 3937 874 4020 lluvius,
904 3937 1048 4002 lortasse
1069 3933 1098 3996 is
1118 3929 1183 3995 Al·

88 4045 145 4092 sus
173 4037 379 4121 nuncupatus
400 4033 457 4123 (cl.
478 4034 625 4122 Interpp.
647 4035 691 4102 ad
711 4039 809 4102 Pons.
826 4038 902 4132 (vu,
923 4038 982 4122 27,
1001 4038 1060 4119 4.),
1081 4050 1101 4097 e
1123 4027 1181 4096 Si-

87 4127 164 4216 pylo
184 4125 393 4201 desoendens
413 4135 448 4198 iu
467 4133 625 4200 Hermum
644 4136 755 4202 induit.
798 4129 871 4216 Qua
890 4152 971 4201 vero
992 4135 1088 4220 parte
1108 4127 1183 4194 fini-

87 4225 156 4296 timi
175 4235 251 4300 runt
271 4227 439 4320 Sicyoniis
459 4233 675 4304 Pellenenaes
695 4235 802 4304 amnis
823 4231 950 4321 Sythas
965 4231 1183 4298 Achaicorum
