2844 4952
507 355 776 428 -211-

95 539 301 628 Argiuorum
321 537 406 608 dnos
424 479 588 612 addemus
606 541 896 636 Lacedaemonios,
916 519 1075 640 regiones
1088 571 1181 642 vero,

95 657 182 724 quae
195 638 230 704 in
243 639 361 706 Eleum
374 646 409 708 et
417 641 582 711 Aetolum
594 649 751 732 vergunt,
773 641 935 714 adversus
955 649 1060 719 Elleos
1073 652 1181 722 Aetn-

92 737 221 826 losnue,
240 737 377 806 meliora
396 741 542 828 proiecto
564 743 653 808 circa
674 761 731 810 res
753 742 887 812 bellicas
909 745 1061 838 edoctus,
1082 769 1183 840 prae

91 835 187 904 sidiis
209 838 326 924 ubique
346 840 429 905 satis
449 837 575 910 idoneis
595 839 763 930 dispositis
782 849 905 914 tutatur
925 848 969 931 (u.
988 851 1067 936 08).
1108 853 1184 920 Me-

91 937 391 1104 {dopolitanorum
411 937 547 1007 dissidia
568 943 731 1030 componit
761 943 886 1014 Aratus
912 943 966 1032 <c
992 950 1056 1036 08,
1080 951 1184 1018 010.

118 1037 202 1104 rubo
223 1035 373 1124 equidem
392 1038 562 1128 Helviogii
583 1043 780 1118 sententiam
800 1041 843 1112 de
864 1046 1006 1115 Arnqu
1026 1047 1185 1120 Achaeo-
1313 1117 1316 1124 .

90 1157 163 1204 rum
183 1137 257 1206 le
278 1159 309 1226 p.
329 1141 401 1206 808.
422 1139 467 1206 Ν.
487 1140 553 1228 8..)
575 1135 699 1220 Quibus
727 1142 885 1210 coniectis
912 1141 956 1212 ad
975 1143 1185 1220 Achaeordm

1 1298 2 1305 ,
92 1242 308 1325 conventum,
330 1239 384 1326 qur·
404 1237 684 1308 extraordinarius
706 1245 799 1328 erat,
822 1241 989 1313 contendlt
1008 1264 1183 1317 mercena·

90 1338 214 1404 riorum
235 1337 369 1424 imperio
389 1337 482 1425 Lyco
496 1339 700 1410 Phoraeensi
720 1340 856 1434 tradito;
878 1344 933 1432 qui
945 1344 1058 1433 Lycus
1078 1347 1184 1416 Eleos

90 1435 253 1524 Euripide
273 1435 358 1504 duce
377 1438 595 1527 Aegiensium
614 1440 698 1510 lines
718 1445 954 1532 transgressos
973 1444 1079 1559 iugat.

175 1535 386 1607 Achaeorum
407 1537 527 1608 elassis
547 1544 672 1610 tantam
691 1541 850 1630 praedam
869 1543 1091 1632 pecuniasque
1113 1546 1185 1612 col-

90 1635 184 1725 ligit,
214 1642 251 1703 ut
277 1638 342 1704 ium
368 1655 432 1704 nec
461 1642 654 1710 mercenarii
684 1641 727 1710 de
758 1643 930 1734 stipendiis
957 1643 1184 1760 desperarent,

89 1753 153 1802 nec
175 1727 329 1805 ciuitates
348 1745 508 1806 sumtuum
529 1740 798 1812 conferendorum
819 1762 941 1814 caussa
962 1745 996 1812 in
1017 1737 1184 1832 po'steruin

89 1837 299 1922 gravatum
287 1837 329 1904 ιιι
348 1834 541 1906 viderentur
562 1841 606 1923 (c.
626 1845 703 1924 00.).

171 1935 297 2008 Messio
324 1941 486 2024 tempore,
514 1939 594 2008 inito
624 1956 712 2031 auno
741 1943 839 2010 tertio
866 1938 917 2009 ιιι
939 1944 1010 2008 100.
1031 1940 1134 2036 (lulio
1154 1963 1183 2010 s.

89 2030 245 2128 Ωιιιιιιιιιιι
264 2055 387 2114 mense
399 2040 463 2102 810
475 2056 506 2104 a
528 2013 778 2108 cruztiaco.
794 2035 855 2131 n.)
874 2039 1110 2142 Scerdilaedus
1124 2059 1183 2110 ra·

84 2141 142 2202 tus
162 2155 202 2202 se
224 2154 246 2206 a
265 2137 413 2225 Philippo
433 2138 564 2226 negligi
586 2145 757 2237 quattuor
756 2139 932 2208 Τιιιιιοιιε
953 2133 1099 2228 nauigia,
1120 2138 1184 2206 du-

86 2235 182 2302 cibus
210 2235 394 2323 Agathyno
424 2244 458 2304 et
480 2236 507 2304 t
508 2236 685 2325 assandum,
706 2212 884 2306 Corinthiis
910 2238 1075 2326 intercipit
1105 2238 1183 2308 Mo-

83 2335 238 2420 leamoue
266 2353 384 2414 versus
411 2337 580 2424 navigans
610 2334 768 2424 praedem
792 2335 934 2425 undique
964 2337 1046 2426 agit.
1088 2332 1205 2418 Quae„

85 2453 183 2520 quum
213 2433 405 2524 negligeret
436 2434 558 2502 'laurio
584 2437 711 2506 Aratus
740 2437 938 2508 metentibus
970 2437 1183 2506 securitatem

83 2532 292 2620 praestabat.
339 2532 516 2622 Euripides
542 2535 644 2626 igitur
663 2537 804 2606 Aratum
824 2539 898 2606 aliis
917 2537 1017 2604 rebus
1038 2553 1180 2626 occupa·

83 2639 153 2700 tnm
178 2634 402 2720 intentumque
431 2651 642 2724 cognoscens
675 2638 915 2718 'l'ritaeensiurn
943 2653 1049 2726 agros
1077 2655 1197 2724 popu·.
1262 2647 1276 2672 ·

81 2731 181 2820 latur.
223 2733 337 2820 Lycus
357 2752 441 2802 vero
459 2741 494 2802 et
521 2735 748 2824 Demodocus,
783 2735 995 2804 Achaeorum
1019 2733 1181 2822 magister
1220 2755 1222 2764 ’

82 2833 238 2920 equitnm,
259 2834 415 2901 assumtis
433 2833 683 2923 Tritaeensinm,
704 2835 965 2922 Patraeenslum,
985 2834 1179 2902 Pharaeen·

81 2932 167 2998 sium
199 2933 301 3020 copiis
325 2937 603 3024 mercenariisqne
629 2935 760 3006 Elidem
790 2933 949 3004 invadunt
980 2939 1015 3002 et
1033 2934 1179 3001 victores

81 3029 210 3118 praeda
230 3033 340 3120 ampla
359 3039 454 3121 parta
474 3035 644 3104 recedunt.
684 3037 721 3104 Is
742 3052 881 3122 quoqne,
902 3033 957 3119 qui
969 3031 1179 3100 Achaeorum

82 3132 226 3204 nuvious
245 3139 420 3222 praeerat,
440 3133 640 3224 Calydonius
660 3142 696 3204 et
715 3134 922 3223 Naupactios
942 3133 1076 3224 spepius
1096 3131 1178 3200 vicit

83 3231 236 3318 cepitque
257 3231 446 3302 cleonicum
465 3236 706 3324 Naupactum,
736 3253 798 3323 per
826 3252 920 3332 quem
946 3230 1113 3318 Philippus
1133 3229 1176 3298 de

80 3333 166 3418 pace
188 3349 261 3398 cum
282 3333 412 3402 Aetolis
432 3335 574 3404 ineunda
594 3332 765 3424 postmodo
786 3333 857 3422 egit
876 3329 927 3425 (c.
948 3332 1000 3398 08.
1023 3332 1094 3416 108,
1114 3321 1177 3420 du).

81 3429 236 3518 Agelas,
255 3431 447 3500 Aetolomm
467 3441 613 3522 praetor,
632 3435 769 3522 Epirum
776 3431 956 3528 devastat,
976 3431 1175 3497 Acarnanes
1270 3433 1272 3444 ’

80 3523 191 3596 Strati
210 3547 315 3618 agros
335 3532 539 3650 populantur.
581 3530 797 3618 Alexander,
827 3525 965 3598 Phocidi
983 3545 1005 3594 a
1024 3527 1174 3614 Philippo

80 3629 291 3718 praefectus,
320 3633 490 3718 quominus
509 3635 611 3702 lason
630 3629 885 3747 Ριιιιιοιιιιιιιιι
904 3627 1018 3694 urbem
1037 3627 1174 3716 Agetae

80 3727 248 3816 underet,
269 3729 437 3820 impedivit
457 3730 510 3826 (c
530 3731 619 3825 00..)

162 3829 332 3917 Philippus
357 3831 486 3901 interim
506 3832 697 3927 Bylazora,
733 3827 899 3903 Paeoniae
927 3825 1041 3894 urbem
1064 3827 1172 3894 maxi·

77 3945 185 4044 mum,
205 3949 303 4016 quum
323 3939 566 4019 expugnasset,
593 3931 822 4002 llacedoniam
848 3926 1012 3998 adversus
1037 3924 1171 3996 Darda-

77 4029 153 4096 nios
173 4031 258 4096 sotis
278 4031 491 4137 munivisset,
518 4031 706 4100 Melitaeom
725 4033 849 4100 frustra
869 4033 1049 4115 tentasset,
1079 4025 1171 4092 The·

78 4128 140 4194 bus
159 4127 385 4218 Phthiotides,
412 4118 495 4216 quas
522 4138 601 4200 tuuc
627 4133 739 4200 Aetoli
758 4129 882 4198 ditione
901 4127 1075 4212 tenebant,
1105 4143 1169 4190 ex-

77 4229 262 4318 pugnavit,
294 4245 399 4314 eaque
416 4248 465 4302 re
485 4250 552 4328 nort
573 4231 676 4298 solum
695 4231 997 4390 Magnesiorrpppt
1017 4223 1167 4292 Thessa-
