<?xml version="1.0" encoding="UTF-8"?>
<!DOCTYPE html PUBLIC "-//W3C//DTD XHTML 1.0 Transitional//EN"
    "http://www.w3.org/TR/xhtml1/DTD/xhtml1-transitional.dtd">
<html xmlns="http://www.w3.org/1999/xhtml" xml:lang="en" lang="en">
 <head>
  <title>
</title>
<meta http-equiv="Content-Type" content="text/html;charset=utf-8" />
  <meta name='ocr-system' content='tesseract 3.04.00' />
  <meta name='ocr-capabilities' content='ocr_page ocr_carea ocr_par ocr_line ocrx_word'/>
</head>
<body>
  <div class='ocr_page' id='page_1' title='image "achaicorumlibri00merlgoog_0131.png"; bbox 0 0 2864 4960; ppageno 0'>
   <div class='ocr_carea' id='block_1_1' title="bbox 690 342 968 420">
    <p class='ocr_par' dir='ltr' id='par_1_1' title="bbox 690 342 968 420">
     <span class='ocr_line' id='line_1_1' title="bbox 690 342 968 420; baseline 0 -1"><span class='ocrx_word' id='word_1_1' title='bbox 690 342 968 420; x_wconf 76' lang='lat' dir='ltr'><strong>-utl-</strong></span> 
     </span>
    </p>
   </div>
   <div class='ocr_carea' id='block_1_2' title="bbox 217 523 1377 910">
    <p class='ocr_par' dir='ltr' id='par_1_2' title="bbox 217 523 1377 910">
     <span class='ocr_line' id='line_1_2' title="bbox 359 523 1377 628; baseline -0.007 -19"><span class='ocrx_word' id='word_1_2' title='bbox 359 535 500 628; x_wconf 66' lang='lat' dir='ltr'><strong>,operae</strong></span> <span class='ocrx_word' id='word_1_3' title='bbox 520 553 603 604; x_wconf 87' lang='lat' dir='ltr'><strong>sane</strong></span> <span class='ocrx_word' id='word_1_4' title='bbox 624 538 762 624; x_wconf 88' lang='lat' dir='ltr'><strong>pretimn</strong></span> <span class='ocrx_word' id='word_1_5' title='bbox 783 542 941 624; x_wconf 67' lang='lat' dir='ltr'><strong>esionae</strong></span> <span class='ocrx_word' id='word_1_6' title='bbox 960 523 1145 604; x_wconf 74' lang='lat' dir='ltr'><strong>Subernius</strong></span> <span class='ocrx_word' id='word_1_7' title='bbox 1159 533 1251 623; x_wconf 81' lang='lat' dir='ltr'><strong>(lc.</strong></span> <span class='ocrx_word' id='word_1_8' title='bbox 1263 553 1295 624; x_wconf 90' lang='lat' dir='ltr'><strong>p.</strong></span> <span class='ocrx_word' id='word_1_9' title='bbox 1304 531 1377 627; x_wconf 80' lang='lat'>81.)</span> 
     </span>
     <span class='ocr_line' id='line_1_3' title="bbox 284 635 1377 725; baseline -0.002 -19"><span class='ocrx_word' id='word_1_10' title='bbox 284 635 513 708; x_wconf 62' lang='lat' dir='ltr'><strong>‹lellutarcbi</strong></span> <span class='ocrx_word' id='word_1_11' title='bbox 540 642 576 703; x_wconf 91' lang='lat' dir='ltr'><strong>et</strong></span> <span class='ocrx_word' id='word_1_12' title='bbox 603 635 730 723; x_wconf 84' lang='lat' dir='ltr'><strong>Polybii</strong></span> <span class='ocrx_word' id='word_1_13' title='bbox 754 637 884 704; x_wconf 82' lang='lat' dir='ltr'><strong>ratione</strong></span> <span class='ocrx_word' id='word_1_14' title='bbox 909 635 1144 725; x_wconf 73' lang='lat' dir='ltr'><strong>chronologica</strong></span> <span class='ocrx_word' id='word_1_15' title='bbox 1171 636 1294 706; x_wconf 86' lang='lat' dir='ltr'><strong>monuit</strong></span> <span class='ocrx_word' id='word_1_16' title='bbox 1318 655 1377 704; x_wconf 87' lang='lat' dir='ltr'><strong>co-</strong></span> 
     </span>
     <span class='ocr_line' id='line_1_4' title="bbox 217 733 1376 910; baseline -0.004 -103"><span class='ocrx_word' id='word_1_17' title='bbox 217 777 225 798; x_wconf 88' lang='lat'><strong>·</strong></span> <span class='ocrx_word' id='word_1_18' title='bbox 281 756 468 910; x_wconf 54' lang='lat' dir='ltr'><strong>ffiffl,</strong></span> <span class='ocrx_word' id='word_1_19' title='bbox 494 754 597 826; x_wconf 83' lang='lat' dir='ltr'><strong>qnare</strong></span> <span class='ocrx_word' id='word_1_20' title='bbox 622 736 767 804; x_wconf 87' lang='lat' dir='ltr'><strong>lectores</strong></span> <span class='ocrx_word' id='word_1_21' title='bbox 796 733 840 804; x_wconf 83' lang='lat' dir='ltr'><strong>ad</strong></span> <span class='ocrx_word' id='word_1_22' title='bbox 867 736 957 804; x_wconf 88' lang='lat' dir='ltr'><strong>illum</strong></span> <span class='ocrx_word' id='word_1_23' title='bbox 981 735 1097 804; x_wconf 89' lang='lat' dir='ltr'><strong>librom</strong></span> <span class='ocrx_word' id='word_1_24' title='bbox 1110 733 1295 826; x_wconf 80' lang='lat' dir='ltr'><strong>ablegatos</strong></span> <span class='ocrx_word' id='word_1_25' title='bbox 1314 736 1376 803; x_wconf 64' lang='lat' dir='ltr'><strong>bor</strong></span> 
     </span>
    </p>
   </div>
   <div class='ocr_carea' id='block_1_3' title="bbox 361 1203 1378 1322">
    <p class='ocr_par' dir='ltr' id='par_1_3' title="bbox 361 1203 1378 1322">
     <span class='ocr_line' id='line_1_5' title="bbox 361 1203 1378 1322; baseline -0.001 -19"><span class='ocrx_word' id='word_1_26' title='bbox 361 1236 425 1303; x_wconf 86' lang='lat' dir='ltr'><strong>His</strong></span> <span class='ocrx_word' id='word_1_27' title='bbox 445 1234 623 1320; x_wconf 78' lang='lat' dir='ltr'><strong>duumviris</strong></span> <span class='ocrx_word' id='word_1_28' title='bbox 635 1233 686 1304; x_wconf 87' lang='lat' dir='ltr'><strong>-de</strong></span> <span class='ocrx_word' id='word_1_29' title='bbox 705 1233 916 1302; x_wconf 78' lang='lat' dir='ltr'><strong>Achaeorum</strong></span> <span class='ocrx_word' id='word_1_30' title='bbox 945 1203 1085 1302; x_wconf 82' lang='lat' dir='ltr'><strong>historia</strong></span> <span class='ocrx_word' id='word_1_31' title='bbox 1109 1235 1230 1322; x_wconf 87' lang='lat' dir='ltr'><strong>optime</strong></span> <span class='ocrx_word' id='word_1_32' title='bbox 1253 1235 1378 1302; x_wconf 86' lang='lat' dir='ltr'><strong>meritis</strong></span> 
     </span>
    </p>
   </div>
   <div class='ocr_carea' id='block_1_4' title="bbox 179 1331 1378 1424">
    <p class='ocr_par' dir='ltr' id='par_1_4' title="bbox 179 1331 1378 1424">
     <span class='ocr_line' id='line_1_6' title="bbox 179 1331 1378 1424; baseline 0.002 -21"><span class='ocrx_word' id='word_1_33' title='bbox 179 1367 181 1372; x_wconf 96' lang='lat'>·</span> <span class='ocrx_word' id='word_1_34' title='bbox 280 1335 421 1404; x_wconf 78' lang='lat' dir='ltr'><strong>accedat</strong></span> <span class='ocrx_word' id='word_1_35' title='bbox 440 1338 574 1424; x_wconf 81' lang='lat' dir='ltr'><strong>insuper</strong></span> <span class='ocrx_word' id='word_1_36' title='bbox 593 1335 721 1423; x_wconf 84' lang='lat' dir='ltr'><strong>tertius,</strong></span> <span class='ocrx_word' id='word_1_37' title='bbox 740 1335 867 1420; x_wconf 72' lang='lat' dir='ltr'><strong>nimus,</strong></span> <span class='ocrx_word' id='word_1_38' title='bbox 888 1334 1039 1420; x_wconf 89' lang='lat' dir='ltr'><strong>qnoniam</strong></span> <span class='ocrx_word' id='word_1_39' title='bbox 1058 1331 1101 1400; x_wconf 81' lang='lat' dir='ltr'><strong>le</strong></span> <span class='ocrx_word' id='word_1_40' title='bbox 1120 1335 1256 1420; x_wconf 86' lang='lat' dir='ltr'><strong>reliquis</strong></span> <span class='ocrx_word' id='word_1_41' title='bbox 1273 1335 1378 1406; x_wconf 84' lang='lat' dir='ltr'><strong>omui-</strong></span> 
     </span>
    </p>
   </div>
   <div class='ocr_carea' id='block_1_5' title="bbox 0 1157 3 1793">
    <p class='ocr_par' dir='ltr' id='par_1_5' title="bbox 0 1157 3 1793">
     <span class='ocr_line' id='line_1_7' title="bbox 0 1157 3 1793; baseline 0 0"><span class='ocrx_word' id='word_1_42' title='bbox 0 1157 3 1793; x_wconf 95' lang='lat' dir='ltr'><strong> </strong></span> 
     </span>
    </p>
   </div>
   <div class='ocr_carea' id='block_1_6' title="bbox 179 1431 1431 4342">
    <p class='ocr_par' dir='ltr' id='par_1_6' title="bbox 179 1431 1378 2122">
     <span class='ocr_line' id='line_1_8' title="bbox 279 1431 1378 1524; baseline -0.004 -22"><span class='ocrx_word' id='word_1_43' title='bbox 279 1435 370 1524; x_wconf 80' lang='lat' dir='ltr'><strong>bos‚.</strong></span> <span class='ocrx_word' id='word_1_44' title='bbox 383 1437 436 1523; x_wconf 84' lang='lat' dir='ltr'><strong>qui</strong></span> <span class='ocrx_word' id='word_1_45' title='bbox 463 1436 594 1504; x_wconf 82' lang='lat' dir='ltr'><strong>nobulas</strong></span> <span class='ocrx_word' id='word_1_46' title='bbox 621 1436 716 1522; x_wconf 85' lang='lat' dir='ltr'><strong>quasi</strong></span> <span class='ocrx_word' id='word_1_47' title='bbox 741 1432 902 1522; x_wconf 86' lang='lat' dir='ltr'><strong>quasdam</strong></span> <span class='ocrx_word' id='word_1_48' title='bbox 927 1435 1052 1523; x_wconf 76' lang='lat' dir='ltr'><strong>passim</strong></span> <span class='ocrx_word' id='word_1_49' title='bbox 1086 1431 1258 1521; x_wconf 86' lang='lat' dir='ltr'><strong>dispersas</strong></span> <span class='ocrx_word' id='word_1_50' title='bbox 1286 1435 1378 1500; x_wconf 90' lang='lat' dir='ltr'><strong>velut</strong></span> 
     </span>
     <span class='ocr_line' id='line_1_9' title="bbox 192 1529 1378 1624; baseline -0.003 -23"><span class='ocrx_word' id='word_1_51' title='bbox 192 1567 195 1584; x_wconf 64' lang='grc' dir='ltr'>ι</span> <span class='ocrx_word' id='word_1_52' title='bbox 276 1533 486 1624; x_wconf 85' lang='lat' dir='ltr'><strong>adspersisse</strong></span> <span class='ocrx_word' id='word_1_53' title='bbox 506 1533 691 1622; x_wconf 86' lang='lat' dir='ltr'><strong>videantur,</strong></span> <span class='ocrx_word' id='word_1_54' title='bbox 711 1532 755 1601; x_wconf 86' lang='lat' dir='ltr'><strong>de</strong></span> <span class='ocrx_word' id='word_1_55' title='bbox 774 1533 921 1602; x_wconf 83' lang='lat' dir='ltr'><strong>Diodoro</strong></span> <span class='ocrx_word' id='word_1_56' title='bbox 941 1529 1067 1622; x_wconf 74' lang='lat' dir='ltr'><strong>Siculo,</strong></span> <span class='ocrx_word' id='word_1_57' title='bbox 1089 1533 1378 1622; x_wconf 76' lang='lat' dir='ltr'><strong>&#39;irogol’ompcio</strong></span> 
     </span>
     <span class='ocr_line' id='line_1_10' title="bbox 279 1624 1377 1726; baseline -0.003 -23"><span class='ocrx_word' id='word_1_58' title='bbox 279 1637 416 1722; x_wconf 66' lang='lat' dir='ltr'><strong>dasque</strong></span> <span class='ocrx_word' id='word_1_59' title='bbox 445 1624 659 1726; x_wconf 82' lang='lat' dir='ltr'><strong>epitomatorc</strong></span> <span class='ocrx_word' id='word_1_60' title='bbox 684 1636 828 1723; x_wconf 88' lang='lat' dir='ltr'><strong>Iustino,</strong></span> <span class='ocrx_word' id='word_1_61' title='bbox 856 1635 1028 1723; x_wconf 65' lang='lat' dir='ltr'><strong>Appianm</strong></span> <span class='ocrx_word' id='word_1_62' title='bbox 1045 1634 1210 1721; x_wconf 73' lang='lat' dir='ltr'><strong>Eusebio,</strong></span> <span class='ocrx_word' id='word_1_63' title='bbox 1229 1632 1377 1720; x_wconf 78' lang='lat' dir='ltr'><strong>zonara,</strong></span> 
     </span>
     <span class='ocr_line' id='line_1_11' title="bbox 278 1731 1377 1826; baseline -0.002 -25"><span class='ocrx_word' id='word_1_64' title='bbox 278 1734 466 1819; x_wconf 79' lang='lat' dir='ltr'><strong>Athenaeo,</strong></span> <span class='ocrx_word' id='word_1_65' title='bbox 486 1733 594 1803; x_wconf 85' lang='lat' dir='ltr'><strong>Dione</strong></span> <span class='ocrx_word' id='word_1_66' title='bbox 615 1733 734 1804; x_wconf 77' lang='lat' dir='ltr'><strong>Cassio</strong></span> <span class='ocrx_word' id='word_1_67' title='bbox 753 1731 872 1826; x_wconf 86' lang='lat' dir='ltr'><strong>(quern</strong></span> <span class='ocrx_word' id='word_1_68' title='bbox 888 1735 944 1802; x_wconf 86' lang='lat' dir='ltr'><strong>alii</strong></span> <span class='ocrx_word' id='word_1_69' title='bbox 964 1731 1118 1826; x_wconf 77' lang='lat' dir='ltr'><strong>Cassium</strong></span> <span class='ocrx_word' id='word_1_70' title='bbox 1136 1731 1377 1801; x_wconf 73' lang='lat' dir='ltr'><strong>Dionemfece—</strong></span> 
     </span>
     <span class='ocr_line' id='line_1_12' title="bbox 179 1829 1378 1924; baseline -0.002 -24"><span class='ocrx_word' id='word_1_71' title='bbox 179 1855 183 1864; x_wconf 88' lang='lat'><strong>·</strong></span> <span class='ocrx_word' id='word_1_72' title='bbox 277 1829 396 1924; x_wconf 84' lang='lat' dir='ltr'><strong>runt),</strong></span> <span class='ocrx_word' id='word_1_73' title='bbox 423 1833 557 1920; x_wconf 74' lang='lat' dir='ltr'><strong>unctio,</strong></span> <span class='ocrx_word' id='word_1_74' title='bbox 577 1830 699 1922; x_wconf 78' lang='lat' dir='ltr'><strong>Subla,</strong></span> <span class='ocrx_word' id='word_1_75' title='bbox 725 1833 865 1901; x_wconf 86' lang='lat' dir='ltr'><strong>Aurelio</strong></span> <span class='ocrx_word' id='word_1_76' title='bbox 891 1831 1039 1922; x_wconf 74' lang='lat' dir='ltr'><strong>Victore,</strong></span> <span class='ocrx_word' id='word_1_77' title='bbox 1067 1833 1246 1920; x_wconf 77' lang='lat' dir='ltr'><strong>Eutropio,</strong></span> <span class='ocrx_word' id='word_1_78' title='bbox 1264 1831 1378 1922; x_wconf 77' lang='lat' dir='ltr'><strong>llloro,</strong></span> 
     </span>
     <span class='ocr_line' id='line_1_13' title="bbox 278 1929 1377 2022; baseline 0 -24"><span class='ocrx_word' id='word_1_79' title='bbox 278 1933 448 2021; x_wconf 74' lang='lat' dir='ltr'><strong>Frontino,</strong></span> <span class='ocrx_word' id='word_1_80' title='bbox 469 1931 592 2022; x_wconf 66' lang='lat' dir='ltr'><strong>Gellia·</strong></span> <span class='ocrx_word' id='word_1_81' title='bbox 608 1929 739 2020; x_wconf 81' lang='lat' dir='ltr'><strong>orosio,</strong></span> <span class='ocrx_word' id='word_1_82' title='bbox 761 1929 868 2002; x_wconf 80' lang='lat' dir='ltr'><strong>Plinio</strong></span> <span class='ocrx_word' id='word_1_83' title='bbox 886 1934 1021 2020; x_wconf 79' lang='lat' dir='ltr'><strong>maiore,</strong></span> <span class='ocrx_word' id='word_1_84' title='bbox 1041 1931 1170 2001; x_wconf 83' lang='lat' dir='ltr'><strong>Velleio</strong></span> <span class='ocrx_word' id='word_1_85' title='bbox 1188 1931 1377 2020; x_wconf 85' lang='lat' dir='ltr'><strong>Paterculo,</strong></span> 
     </span>
     <span class='ocr_line' id='line_1_14' title="bbox 276 2029 1047 2122; baseline -0.003 -20"><span class='ocrx_word' id='word_1_86' title='bbox 276 2051 448 2102; x_wconf 63' lang='lat' dir='ltr'><strong>semones</strong></span> <span class='ocrx_word' id='word_1_87' title='bbox 467 2029 605 2100; x_wconf 78' lang='lat' dir='ltr'><strong>tundere</strong></span> <span class='ocrx_word' id='word_1_88' title='bbox 626 2033 798 2122; x_wconf 75' lang='lat' dir='ltr'><strong>longiores</strong></span> <span class='ocrx_word' id='word_1_89' title='bbox 817 2032 904 2100; x_wconf 57' lang='lat' dir='ltr'><strong>nub,</strong></span> <span class='ocrx_word' id='word_1_90' title='bbox 919 2035 1047 2100; x_wconf 82' lang='lat' dir='ltr'><strong>attinet</strong></span> 
     </span>
    </p>

    <p class='ocr_par' dir='ltr' id='par_1_7' title="bbox 276 2129 1377 2700">
     <span class='ocr_line' id='line_1_15' title="bbox 359 2129 1377 2220; baseline 0 -22"><span class='ocrx_word' id='word_1_91' title='bbox 359 2133 413 2198; x_wconf 90' lang='lat' dir='ltr'><strong>Ac</strong></span> <span class='ocrx_word' id='word_1_92' title='bbox 438 2129 481 2200; x_wconf 87' lang='lat' dir='ltr'><strong>de</strong></span> <span class='ocrx_word' id='word_1_93' title='bbox 510 2132 606 2200; x_wconf 81' lang='lat' dir='ltr'><strong>Livio</strong></span> <span class='ocrx_word' id='word_1_94' title='bbox 631 2149 759 2220; x_wconf 82' lang='lat' dir='ltr'><strong>quoque</strong></span> <span class='ocrx_word' id='word_1_95' title='bbox 785 2138 879 2219; x_wconf 68' lang='lat' dir='ltr'><strong>quaes</strong></span> <span class='ocrx_word' id='word_1_96' title='bbox 897 2134 933 2200; x_wconf 91' lang='lat' dir='ltr'><strong>in</strong></span> <span class='ocrx_word' id='word_1_97' title='bbox 953 2153 1048 2200; x_wconf 89' lang='lat' dir='ltr'><strong>usum</strong></span> <span class='ocrx_word' id='word_1_98' title='bbox 1067 2129 1377 2201; x_wconf 40' lang='lat' dir='ltr'><strong>nostrumvdicenda</strong></span> 
     </span>
     <span class='ocr_line' id='line_1_16' title="bbox 277 2231 1376 2324; baseline -0.002 -24"><span class='ocrx_word' id='word_1_99' title='bbox 277 2237 355 2300; x_wconf 82' lang='lat' dir='ltr'><strong>sont</strong></span> <span class='ocrx_word' id='word_1_100' title='bbox 373 2233 489 2320; x_wconf 88' lang='lat' dir='ltr'><strong>paucis</strong></span> <span class='ocrx_word' id='word_1_101' title='bbox 510 2231 697 2320; x_wconf 82' lang='lat' dir='ltr'><strong>absolvam,</strong></span> <span class='ocrx_word' id='word_1_102' title='bbox 724 2251 771 2300; x_wconf 90' lang='lat' dir='ltr'><strong>nc</strong></span> <span class='ocrx_word' id='word_1_103' title='bbox 790 2243 867 2322; x_wconf 89' lang='lat' dir='ltr'><strong>post</strong></span> <span class='ocrx_word' id='word_1_104' title='bbox 886 2235 1062 2324; x_wconf 82' lang='lat' dir='ltr'><strong>egregiam</strong></span> <span class='ocrx_word' id='word_1_105' title='bbox 1080 2231 1243 2302; x_wconf 77' lang='lat' dir='ltr'><strong>Friderici</strong></span> <span class='ocrx_word' id='word_1_106' title='bbox 1261 2233 1376 2302; x_wconf 72' lang='lat' dir='ltr'><strong>luob-</strong></span> 
     </span>
     <span class='ocr_line' id='line_1_17' title="bbox 276 2330 1376 2428; baseline 0.001 -29"><span class='ocrx_word' id='word_1_107' title='bbox 276 2334 389 2399; x_wconf 85' lang='lat' dir='ltr'><strong>manni</strong></span> <span class='ocrx_word' id='word_1_108' title='bbox 409 2349 542 2418; x_wconf 65' lang='lat' dir='ltr'><strong>curam,</strong></span> <span class='ocrx_word' id='word_1_109' title='bbox 562 2349 659 2417; x_wconf 85' lang='lat' dir='ltr'><strong>quam</strong></span> <span class='ocrx_word' id='word_1_110' title='bbox 678 2330 805 2400; x_wconf 87' lang='lat' dir='ltr'><strong>duabus</strong></span> <span class='ocrx_word' id='word_1_111' title='bbox 826 2331 1159 2400; x_wconf 81' lang='lat' dir='ltr'><strong>commentationibus.</strong></span> <span class='ocrx_word' id='word_1_112' title='bbox 1171 2332 1247 2399; x_wconf 86' lang='lat' dir='ltr'><strong>huic</strong></span> <span class='ocrx_word' id='word_1_113' title='bbox 1266 2350 1376 2428; x_wconf 80' lang='lat' dir='ltr'><strong>uava·.</strong></span> 
     </span>
     <span class='ocr_line' id='line_1_18' title="bbox 277 2429 1377 2521; baseline 0.002 -22"><span class='ocrx_word' id='word_1_114' title='bbox 277 2433 326 2499; x_wconf 82' lang='lat' dir='ltr'><strong>vit</strong></span> <span class='ocrx_word' id='word_1_115' title='bbox 345 2433 448 2519; x_wconf 81' lang='lat' dir='ltr'><strong>script</strong></span> <span class='ocrx_word' id='word_1_116' title='bbox 488 2433 496 2448; x_wconf 87' lang='lat'><strong>‘</strong></span> <span class='ocrx_word' id='word_1_117' title='bbox 527 2431 563 2497; x_wconf 83' lang='lat' dir='ltr'><strong>ln</strong></span> <span class='ocrx_word' id='word_1_118' title='bbox 584 2433 683 2500; x_wconf 88' lang='lat' dir='ltr'><strong>rebus</strong></span> <span class='ocrx_word' id='word_1_119' title='bbox 698 2432 858 2521; x_wconf 88' lang='lat' dir='ltr'><strong>prolixius</strong></span> <span class='ocrx_word' id='word_1_120' title='bbox 877 2433 942 2498; x_wconf 70' lang='lat' dir='ltr'><strong>mm</strong></span> <span class='ocrx_word' id='word_1_121' title='bbox 962 2429 1153 2500; x_wconf 81' lang='lat' dir='ltr'><strong>definitiset</strong></span> <span class='ocrx_word' id='word_1_122' title='bbox 1166 2430 1210 2500; x_wconf 81' lang='lat' dir='ltr'><strong>ad</strong></span> <span class='ocrx_word' id='word_1_123' title='bbox 1223 2432 1377 2520; x_wconf 81' lang='lat' dir='ltr'><strong>liquidum</strong></span> 
     </span>
     <span class='ocr_line' id='line_1_19' title="bbox 278 2451 1037 2700; baseline 0.003 -102"><span class='ocrx_word' id='word_1_124' title='bbox 278 2531 377 2618; x_wconf 90' lang='lat' dir='ltr'><strong>plane</strong></span> <span class='ocrx_word' id='word_1_125' title='bbox 397 2451 713 2700; x_wconf 41' lang='lat' dir='ltr'><strong>stfrustra</strong></span> <span class='ocrx_word' id='word_1_126' title='bbox 732 2525 892 2619; x_wconf 78' lang='lat' dir='ltr'><strong>operosus</strong></span> <span class='ocrx_word' id='word_1_127' title='bbox 911 2530 1037 2600; x_wconf 86' lang='lat' dir='ltr'><strong>videar.</strong></span> 
     </span>
    </p>

    <p class='ocr_par' dir='ltr' id='par_1_8' title="bbox 200 2627 1431 4373">
     <span class='ocr_line' id='line_1_20' title="bbox 364 2627 1431 2734; baseline -0.002 -32"><span class='ocrx_word' id='word_1_128' title='bbox 364 2627 457 2714; x_wconf 74' lang='lat' dir='ltr'><strong>onae</strong></span> <span class='ocrx_word' id='word_1_129' title='bbox 530 2653 568 2700; x_wconf 90' lang='lat' dir='ltr'><strong>ro</strong></span> <span class='ocrx_word' id='word_1_130' title='bbox 598 2633 664 2700; x_wconf 90' lang='lat' dir='ltr'><strong>huc</strong></span> <span class='ocrx_word' id='word_1_131' title='bbox 693 2633 861 2721; x_wconf 90' lang='lat' dir='ltr'><strong>pertinent</strong></span> <span class='ocrx_word' id='word_1_132' title='bbox 891 2651 935 2700; x_wconf 84' lang='lat' dir='ltr'><strong>ax</strong></span> <span class='ocrx_word' id='word_1_133' title='bbox 969 2633 1077 2706; x_wconf 90' lang='lat' dir='ltr'><strong>altera</strong></span> <span class='ocrx_word' id='word_1_134' title='bbox 1106 2636 1377 2704; x_wconf 87' lang='lat' dir='ltr'><strong>commentatione</strong></span> <span class='ocrx_word' id='word_1_135' title='bbox 1430 2647 1431 2734; x_wconf 43' lang='lat' dir='ltr'><strong>p</strong></span> 
     </span>
     <span class='ocr_line' id='line_1_21' title="bbox 261 2732 1431 2832; baseline 0.002 -34"><span class='ocrx_word' id='word_1_136' title='bbox 261 2738 357 2799; x_wconf 78' lang='lat' dir='ltr'><strong>sumt</strong></span> <span class='ocrx_word' id='word_1_137' title='bbox 369 2733 573 2832; x_wconf 63' lang='lat' dir='ltr'><strong>paragpapbi</strong></span> <span class='ocrx_word' id='word_1_138' title='bbox 594 2735 722 2821; x_wconf 76' lang='lat' dir='ltr'><strong>puna,</strong></span> <span class='ocrx_word' id='word_1_139' title='bbox 744 2735 1046 2822; x_wconf 84' lang='lat' dir='ltr'><strong>scxta‚.vigcsima</strong></span> <span class='ocrx_word' id='word_1_140' title='bbox 1068 2732 1376 2820; x_wconf 73' lang='lat' dir='ltr'><strong>seconiaco-quac</strong></span> <span class='ocrx_word' id='word_1_141' title='bbox 1430 2735 1431 2779; x_wconf 65' lang='lat'>³</span> 
     </span>
     <span class='ocr_line' id='line_1_22' title="bbox 280 2832 1375 2923; baseline 0.003 -22"><span class='ocrx_word' id='word_1_142' title='bbox 280 2839 477 2922; x_wconf 82' lang='lat' dir='ltr'><strong>sequuntur,</strong></span> <span class='ocrx_word' id='word_1_143' title='bbox 502 2836 556 2919; x_wconf 86' lang='lat' dir='ltr'><strong>qui</strong></span> <span class='ocrx_word' id='word_1_144' title='bbox 581 2841 738 2900; x_wconf 89' lang='lat' dir='ltr'><strong>accurate</strong></span> <span class='ocrx_word' id='word_1_145' title='bbox 758 2835 928 2922; x_wconf 80' lang='lat' dir='ltr'><strong>exposuit,</strong></span> <span class='ocrx_word' id='word_1_146' title='bbox 959 2836 1102 2923; x_wconf 64' lang='lat' dir='ltr'><strong>Livium,</strong></span> <span class='ocrx_word' id='word_1_147' title='bbox 1130 2832 1260 2906; x_wconf 72' lang='lat' dir='ltr'><strong>cosbin</strong></span> <span class='ocrx_word' id='word_1_148' title='bbox 1276 2836 1375 2904; x_wconf 87' lang='lat' dir='ltr'><strong>rebus</strong></span> 
     </span>
     <span class='ocr_line' id='line_1_23' title="bbox 281 2933 1430 3023; baseline 0.004 -24"><span class='ocrx_word' id='word_1_149' title='bbox 281 2933 416 2999; x_wconf 88' lang='lat' dir='ltr'><strong>aliarum</strong></span> <span class='ocrx_word' id='word_1_150' title='bbox 437 2937 585 3023; x_wconf 83' lang='lat' dir='ltr'><strong>gentium</strong></span> <span class='ocrx_word' id='word_1_151' title='bbox 605 2937 714 3023; x_wconf 80' lang='lat' dir='ltr'><strong>gestis</strong></span> <span class='ocrx_word' id='word_1_152' title='bbox 734 2933 961 3002; x_wconf 87' lang='lat' dir='ltr'><strong>describendis</strong></span> <span class='ocrx_word' id='word_1_153' title='bbox 981 2935 1065 3002; x_wconf 90' lang='lat' dir='ltr'><strong>alios</strong></span> <span class='ocrx_word' id='word_1_154' title='bbox 1085 2936 1204 3002; x_wconf 89' lang='lat' dir='ltr'><strong>multos</strong></span> <span class='ocrx_word' id='word_1_155' title='bbox 1223 2942 1377 3004; x_wconf 88' lang='lat' dir='ltr'><strong>auctores</strong></span> <span class='ocrx_word' id='word_1_156' title='bbox 1429 2999 1430 3004; x_wconf 75' lang='grc'>,</span> 
     </span>
     <span class='ocr_line' id='line_1_24' title="bbox 280 3019 1430 3128; baseline 0 -29"><span class='ocrx_word' id='word_1_157' title='bbox 280 3040 415 3100; x_wconf 86' lang='lat' dir='ltr'><strong>secutus</strong></span> <span class='ocrx_word' id='word_1_158' title='bbox 436 3036 500 3121; x_wconf 82' lang='lat' dir='ltr'><strong>sit,</strong></span> <span class='ocrx_word' id='word_1_159' title='bbox 521 3036 562 3100; x_wconf 89' lang='lat' dir='ltr'><strong>in</strong></span> <span class='ocrx_word' id='word_1_160' title='bbox 576 3035 763 3102; x_wconf 87' lang='lat' dir='ltr'><strong>enarranda</strong></span> <span class='ocrx_word' id='word_1_161' title='bbox 782 3041 894 3102; x_wconf 87' lang='lat' dir='ltr'><strong>tamen</strong></span> <span class='ocrx_word' id='word_1_162' title='bbox 908 3034 1109 3128; x_wconf 83' lang='lat' dir='ltr'><strong>Graecorum</strong></span> <span class='ocrx_word' id='word_1_163' title='bbox 1129 3035 1267 3102; x_wconf 88' lang='lat' dir='ltr'><strong>historia</strong></span> <span class='ocrx_word' id='word_1_164' title='bbox 1279 3055 1376 3102; x_wconf 90' lang='lat' dir='ltr'><strong>unum</strong></span> <span class='ocrx_word' id='word_1_165' title='bbox 1429 3019 1430 3099; x_wconf 78' lang='lat' dir='ltr'><strong>l</strong></span> 
     </span>
     <span class='ocr_line' id='line_1_25' title="bbox 282 3128 1377 3232; baseline 0.004 -34"><span class='ocrx_word' id='word_1_166' title='bbox 282 3134 346 3200; x_wconf 92' lang='lat' dir='ltr'><strong>sibi</strong></span> <span class='ocrx_word' id='word_1_167' title='bbox 359 3128 528 3221; x_wconf 78' lang='lat' dir='ltr'><strong>Polybium</strong></span> <span class='ocrx_word' id='word_1_168' title='bbox 549 3135 712 3224; x_wconf 81' lang='lat' dir='ltr'><strong>elegisse,</strong></span> <span class='ocrx_word' id='word_1_169' title='bbox 734 3155 796 3223; x_wconf 88' lang='lat' dir='ltr'><strong>quo</strong></span> <span class='ocrx_word' id='word_1_170' title='bbox 818 3133 903 3202; x_wconf 82' lang='lat' dir='ltr'><strong>duce</strong></span> <span class='ocrx_word' id='word_1_171' title='bbox 918 3141 957 3232; x_wconf 41' lang='lat' dir='ltr'><strong>,et</strong></span> <span class='ocrx_word' id='word_1_172' title='bbox 978 3137 1071 3222; x_wconf 87' lang='lat' dir='ltr'><strong>quasi</strong></span> <span class='ocrx_word' id='word_1_173' title='bbox 1091 3134 1145 3202; x_wconf 84' lang='lat' dir='ltr'><strong>filo</strong></span> <span class='ocrx_word' id='word_1_174' title='bbox 1167 3133 1308 3220; x_wconf 84' lang='lat' dir='ltr'><strong>quodam</strong></span> <span class='ocrx_word' id='word_1_175' title='bbox 1328 3139 1377 3202; x_wconf 89' lang='lat' dir='ltr'><strong>sic</strong></span> 
     </span>
     <span class='ocr_line' id='line_1_26' title="bbox 281 3235 1376 3330; baseline 0.003 -32"><span class='ocrx_word' id='word_1_176' title='bbox 281 3239 439 3320; x_wconf 82' lang='lat' dir='ltr'><strong>uteretur,</strong></span> <span class='ocrx_word' id='word_1_177' title='bbox 455 3240 491 3300; x_wconf 89' lang='lat' dir='ltr'><strong>ut</strong></span> <span class='ocrx_word' id='word_1_178' title='bbox 510 3253 571 3320; x_wconf 89' lang='lat' dir='ltr'><strong>per</strong></span> <span class='ocrx_word' id='word_1_179' title='bbox 590 3235 749 3322; x_wconf 83' lang='lat' dir='ltr'><strong>prolixam</strong></span> <span class='ocrx_word' id='word_1_180' title='bbox 769 3235 939 3302; x_wconf 87' lang='lat' dir='ltr'><strong>multorum</strong></span> <span class='ocrx_word' id='word_1_181' title='bbox 955 3237 1123 3330; x_wconf 13' lang='lat' dir='ltr'><strong>*annalium</strong></span> <span class='ocrx_word' id='word_1_182' title='bbox 1142 3237 1376 3323; x_wconf 76' lang='lat' dir='ltr'><strong>narrationem,</strong></span> 
     </span>
     <span class='ocr_line' id='line_1_27' title="bbox 282 3329 1429 3424; baseline 0.002 -23"><span class='ocrx_word' id='word_1_183' title='bbox 282 3334 385 3401; x_wconf 89' lang='lat' dir='ltr'><strong>veluti</strong></span> <span class='ocrx_word' id='word_1_184' title='bbox 404 3353 465 3420; x_wconf 90' lang='lat' dir='ltr'><strong>per</strong></span> <span class='ocrx_word' id='word_1_185' title='bbox 485 3339 616 3400; x_wconf 89' lang='lat' dir='ltr'><strong>vastum</strong></span> <span class='ocrx_word' id='word_1_186' title='bbox 635 3335 802 3405; x_wconf 48' lang='lat' dir='ltr'><strong>historiae¹</strong></span> <span class='ocrx_word' id='word_1_187' title='bbox 815 3329 962 3424; x_wconf 88' lang='lat' dir='ltr'><strong>campum</strong></span> <span class='ocrx_word' id='word_1_188' title='bbox 982 3337 1163 3424; x_wconf 74' lang='lat' dir='ltr'><strong>oberranS,</strong></span> <span class='ocrx_word' id='word_1_189' title='bbox 1193 3356 1261 3407; x_wconf 88' lang='lat' dir='ltr'><strong>non</strong></span> <span class='ocrx_word' id='word_1_190' title='bbox 1280 3335 1375 3404; x_wconf 87' lang='lat' dir='ltr'><strong>modo</strong></span> <span class='ocrx_word' id='word_1_191' title='bbox 1428 3367 1429 3417; x_wconf 62' lang='lat' dir='ltr'><strong>p</strong></span> 
     </span>
     <span class='ocr_line' id='line_1_28' title="bbox 274 3433 1376 3525; baseline 0.004 -23"><span class='ocrx_word' id='word_1_192' title='bbox 274 3451 423 3519; x_wconf 85' lang='lat' dir='ltr'><strong>uuquam</strong></span> <span class='ocrx_word' id='word_1_193' title='bbox 443 3454 511 3500; x_wconf 89' lang='lat' dir='ltr'><strong>non</strong></span> <span class='ocrx_word' id='word_1_194' title='bbox 530 3433 718 3502; x_wconf 85' lang='lat' dir='ltr'><strong>discederet</strong></span> <span class='ocrx_word' id='word_1_195' title='bbox 737 3436 841 3525; x_wconf 83' lang='lat' dir='ltr'><strong>longe</strong></span> <span class='ocrx_word' id='word_1_196' title='bbox 862 3439 904 3503; x_wconf 91' lang='lat' dir='ltr'><strong>ab</strong></span> <span class='ocrx_word' id='word_1_197' title='bbox 926 3455 983 3524; x_wconf 83' lang='lat' dir='ltr'><strong>eo,</strong></span> <span class='ocrx_word' id='word_1_198' title='bbox 1004 3435 1065 3504; x_wconf 87' lang='lat' dir='ltr'><strong>sed</strong></span> <span class='ocrx_word' id='word_1_199' title='bbox 1086 3435 1129 3503; x_wconf 85' lang='lat' dir='ltr'><strong>ad</strong></span> <span class='ocrx_word' id='word_1_200' title='bbox 1146 3438 1283 3510; x_wconf 83' lang='lat' dir='ltr'><strong>verbum</strong></span> <span class='ocrx_word' id='word_1_201' title='bbox 1296 3455 1376 3506; x_wconf 79' lang='lat' dir='ltr'><strong>sae-</strong></span> 
     </span>
     <span class='ocr_line' id='line_1_29' title="bbox 281 3533 1374 3622; baseline -0.001 -24"><span class='ocrx_word' id='word_1_202' title='bbox 281 3535 416 3622; x_wconf 74' lang='lat' dir='ltr'><strong>pissime</strong></span> <span class='ocrx_word' id='word_1_203' title='bbox 449 3551 493 3600; x_wconf 86' lang='lat' dir='ltr'><strong>ex</strong></span> <span class='ocrx_word' id='word_1_204' title='bbox 527 3533 658 3602; x_wconf 87' lang='lat' dir='ltr'><strong>Graeco</strong></span> <span class='ocrx_word' id='word_1_205' title='bbox 692 3538 727 3602; x_wconf 89' lang='lat' dir='ltr'><strong>in</strong></span> <span class='ocrx_word' id='word_1_206' title='bbox 759 3537 912 3604; x_wconf 82' lang='lat' dir='ltr'><strong>Latinum</strong></span> <span class='ocrx_word' id='word_1_207' title='bbox 946 3538 1141 3604; x_wconf 79' lang='lat' dir='ltr'><strong>transferret</strong></span> <span class='ocrx_word' id='word_1_208' title='bbox 1180 3555 1374 3604; x_wconf 88' lang='lat' dir='ltr'><strong>sermonem.</strong></span> 
     </span>
     <span class='ocr_line' id='line_1_30' title="bbox 282 3628 1428 3735; baseline 0.005 -35"><span class='ocrx_word' id='word_1_209' title='bbox 282 3628 394 3712; x_wconf 78' lang='lat' dir='ltr'><strong>Quare</strong></span> <span class='ocrx_word' id='word_1_210' title='bbox 414 3633 535 3702; x_wconf 85' lang='lat' dir='ltr'><strong>iactum</strong></span> <span class='ocrx_word' id='word_1_211' title='bbox 556 3654 633 3702; x_wconf 88' lang='lat' dir='ltr'><strong>esse</strong></span> <span class='ocrx_word' id='word_1_212' title='bbox 653 3635 747 3723; x_wconf 84' lang='lat' dir='ltr'><strong>dicit,</strong></span> <span class='ocrx_word' id='word_1_213' title='bbox 775 3643 817 3704; x_wconf 89' lang='lat' dir='ltr'><strong>ut.</strong></span> <span class='ocrx_word' id='word_1_214' title='bbox 839 3637 986 3703; x_wconf 92' lang='lat' dir='ltr'><strong>nonnulli</strong></span> <span class='ocrx_word' id='word_1_215' title='bbox 1006 3637 1134 3706; x_wconf 80' lang='lat' dir='ltr'><strong>nivium</strong></span> <span class='ocrx_word' id='word_1_216' title='bbox 1153 3636 1281 3724; x_wconf 79' lang='lat' dir='ltr'><strong>Polybii</strong></span> <span class='ocrx_word' id='word_1_217' title='bbox 1300 3637 1374 3726; x_wconf 76' lang='lat' dir='ltr'><strong>pla,-</strong></span> <span class='ocrx_word' id='word_1_218' title='bbox 1427 3663 1428 3735; x_wconf 63' lang='lat' dir='ltr'><strong>p</strong></span> 
     </span>
     <span class='ocr_line' id='line_1_31' title="bbox 282 3733 1374 3825; baseline 0.006 -28"><span class='ocrx_word' id='word_1_219' title='bbox 282 3733 422 3822; x_wconf 83' lang='lat' dir='ltr'><strong>giarium</strong></span> <span class='ocrx_word' id='word_1_220' title='bbox 448 3741 637 3823; x_wconf 83' lang='lat' dir='ltr'><strong>vocarent‚.</strong></span> <span class='ocrx_word' id='word_1_221' title='bbox 661 3754 808 3823; x_wconf 87' lang='lat' dir='ltr'><strong>eumque,</strong></span> <span class='ocrx_word' id='word_1_222' title='bbox 836 3755 880 3804; x_wconf 87' lang='lat' dir='ltr'><strong>ne</strong></span> <span class='ocrx_word' id='word_1_223' title='bbox 914 3737 1001 3804; x_wconf 80' lang='lat' dir='ltr'><strong>tnta</strong></span> <span class='ocrx_word' id='word_1_224' title='bbox 1031 3754 1093 3802; x_wconf 85' lang='lat' dir='ltr'><strong>sua</strong></span> <span class='ocrx_word' id='word_1_225' title='bbox 1125 3734 1374 3825; x_wconf 78' lang='lat' dir='ltr'><strong>detegerentur,</strong></span> 
     </span>
     <span class='ocr_line' id='line_1_32' title="bbox 282 3831 1427 3928; baseline 0.006 -30"><span class='ocrx_word' id='word_1_226' title='bbox 282 3831 450 3902; x_wconf 86' lang='lat' dir='ltr'><strong>Romanos</strong></span> <span class='ocrx_word' id='word_1_227' title='bbox 471 3835 666 3904; x_wconf 87' lang='lat' dir='ltr'><strong>laudatione·</strong></span> <span class='ocrx_word' id='word_1_228' title='bbox 682 3835 813 3924; x_wconf 77' lang='lat' dir='ltr'><strong>frigida</strong></span> <span class='ocrx_word' id='word_1_229' title='bbox 833 3855 856 3901; x_wconf 91' lang='lat' dir='ltr'><strong>a</strong></span> <span class='ocrx_word' id='word_1_230' title='bbox 883 3836 1027 3925; x_wconf 84' lang='lat' dir='ltr'><strong>legendo</strong></span> <span class='ocrx_word' id='word_1_231' title='bbox 1047 3835 1183 3922; x_wconf 87' lang='lat' dir='ltr'><strong>Polybio</strong></span> <span class='ocrx_word' id='word_1_232' title='bbox 1203 3835 1374 3905; x_wconf 87' lang='lat' dir='ltr'><strong>deterrere</strong></span> <span class='ocrx_word' id='word_1_233' title='bbox 1426 3915 1427 3928; x_wconf 11' lang='grc' dir='ltr'>χ</span> 
     </span>
     <span class='ocr_line' id='line_1_33' title="bbox 282 3925 1374 4027; baseline 0.002 -27"><span class='ocrx_word' id='word_1_234' title='bbox 282 3933 429 4001; x_wconf 88' lang='lat' dir='ltr'><strong>voluisse</strong></span> <span class='ocrx_word' id='word_1_235' title='bbox 449 3941 619 4027; x_wconf 81' lang='lat' dir='ltr'><strong>putarent,</strong></span> <span class='ocrx_word' id='word_1_236' title='bbox 641 3935 697 4002; x_wconf 89' lang='lat' dir='ltr'><strong>aiii</strong></span> <span class='ocrx_word' id='word_1_237' title='bbox 717 3955 783 4002; x_wconf 93' lang='lat' dir='ltr'><strong>non</strong></span> <span class='ocrx_word' id='word_1_238' title='bbox 804 3937 868 4002; x_wconf 86' lang='lat' dir='ltr'><strong>nisi</strong></span> <span class='ocrx_word' id='word_1_239' title='bbox 881 3953 940 4002; x_wconf 87' lang='lat' dir='ltr'><strong>eas</strong></span> <span class='ocrx_word' id='word_1_240' title='bbox 954 3955 1027 4023; x_wconf 82' lang='lat' dir='ltr'><strong>res,</strong></span> <span class='ocrx_word' id='word_1_241' title='bbox 1049 3953 1133 4023; x_wconf 86' lang='lat' dir='ltr'><strong>quae</strong></span> <span class='ocrx_word' id='word_1_242' title='bbox 1146 3934 1233 4024; x_wconf 87' lang='lat' dir='ltr'><strong>apud</strong></span> <span class='ocrx_word' id='word_1_243' title='bbox 1249 3925 1374 4002; x_wconf 82' lang='lat' dir='ltr'><strong>ut&#39;rum·</strong></span> 
     </span>
     <span class='ocr_line' id='line_1_34' title="bbox 227 4035 1375 4124; baseline 0.005 -26"><span class='ocrx_word' id='word_1_244' title='bbox 227 4081 230 4087; x_wconf 86' lang='grc'>-</span> <span class='ocrx_word' id='word_1_245' title='bbox 259 4048 347 4120; x_wconf 67' lang='lat' dir='ltr'><strong>,que</strong></span> <span class='ocrx_word' id='word_1_246' title='bbox 367 4036 560 4122; x_wconf 85' lang='lat' dir='ltr'><strong>scriptorem</strong></span> <span class='ocrx_word' id='word_1_247' title='bbox 580 4037 791 4124; x_wconf 82' lang='lat' dir='ltr'><strong>legerentur,</strong></span> <span class='ocrx_word' id='word_1_248' title='bbox 819 4057 878 4124; x_wconf 90' lang='lat' dir='ltr'><strong>pro</strong></span> <span class='ocrx_word' id='word_1_249' title='bbox 899 4038 991 4104; x_wconf 87' lang='lat' dir='ltr'><strong>veris</strong></span> <span class='ocrx_word' id='word_1_250' title='bbox 1011 4052 1053 4102; x_wconf 86' lang='lat' dir='ltr'><strong>aa</strong></span> <span class='ocrx_word' id='word_1_251' title='bbox 1077 4036 1178 4103; x_wconf 82' lang='lat' dir='ltr'><strong>certis</strong></span> <span class='ocrx_word' id='word_1_252' title='bbox 1205 4035 1375 4104; x_wconf 76' lang='lat' dir='ltr'><strong>haberent</strong></span> 
     </span>
     <span class='ocr_line' id='line_1_35' title="bbox 200 4132 1426 4227; baseline 0.003 -22"><span class='ocrx_word' id='word_1_253' title='bbox 200 4186 227 4205; x_wconf 81' lang='lat'><strong>.-</strong></span> <span class='ocrx_word' id='word_1_254' title='bbox 284 4132 356 4204; x_wconf 75' lang='lat' dir='ltr'><strong>Sed</strong></span> <span class='ocrx_word' id='word_1_255' title='bbox 381 4136 667 4220; x_wconf 80' lang='lat' dir='ltr'><strong>quoniam·Livins</strong></span> <span class='ocrx_word' id='word_1_256' title='bbox 697 4138 768 4224; x_wconf 89' lang='lat' dir='ltr'><strong>ipse</strong></span> <span class='ocrx_word' id='word_1_257' title='bbox 787 4133 983 4224; x_wconf 82' lang='lat' dir='ltr'>(XXXIX,</span> <span class='ocrx_word' id='word_1_258' title='bbox 1006 4139 1065 4204; x_wconf 62' lang='lat' dir='ltr'><strong>A&amp;</strong></span> <span class='ocrx_word' id='word_1_259' title='bbox 1087 4145 1171 4206; x_wconf 82' lang='lat' dir='ltr'><strong>extr.</strong></span> <span class='ocrx_word' id='word_1_260' title='bbox 1192 4135 1297 4227; x_wconf 75' lang='lat' dir='ltr'><strong>xli,</strong></span> <span class='ocrx_word' id='word_1_261' title='bbox 1324 4142 1373 4206; x_wconf 56' lang='grc' dir='ltr'>ᾖ</span> <span class='ocrx_word' id='word_1_262' title='bbox 1425 4183 1426 4210; x_wconf 54' lang='lat' dir='ltr'><strong>t</strong></span> 
     </span>
     <span class='ocr_line' id='line_1_36' title="bbox 286 4225 1375 4342; baseline 0.003 -38"><span class='ocrx_word' id='word_1_263' title='bbox 286 4225 337 4304; x_wconf 83' lang='lat' dir='ltr'><strong>bl.¹</strong></span> <span class='ocrx_word' id='word_1_264' title='bbox 350 4236 413 4342; x_wconf 77' lang='lat' dir='ltr'><strong>loc</strong></span> <span class='ocrx_word' id='word_1_265' title='bbox 434 4235 568 4306; x_wconf 74' lang='lat' dir='ltr'><strong>aarum</strong></span> <span class='ocrx_word' id='word_1_266' title='bbox 589 4237 611 4302; x_wconf 90' lang='lat' dir='ltr'><strong>l.</strong></span> <span class='ocrx_word' id='word_1_267' title='bbox 633 4254 662 4304; x_wconf 92' lang='lat' dir='ltr'><strong>c.</strong></span> <span class='ocrx_word' id='word_1_268' title='bbox 683 4259 715 4326; x_wconf 88' lang='lat' dir='ltr'><strong>p.-</strong></span> <span class='ocrx_word' id='word_1_269' title='bbox 735 4239 802 4326; x_wconf 86' lang='lat' dir='ltr'><strong>bl.)</strong></span> <span class='ocrx_word' id='word_1_270' title='bbox 823 4238 979 4327; x_wconf 71' lang='lat' dir='ltr'><strong>elamat,</strong></span> <span class='ocrx_word' id='word_1_271' title='bbox 999 4239 1199 4326; x_wconf 81' lang='lat' dir='ltr'><strong>propositmn</strong></span> <span class='ocrx_word' id='word_1_272' title='bbox 1211 4239 1375 4326; x_wconf 73' lang='lat' dir='ltr'><strong>sibbesse,</strong></span> 
     </span>
    </p>
   </div>
   <div class='ocr_carea' id='block_1_7' title="bbox 1423 4473 1425 4766">
    <p class='ocr_par' dir='ltr' id='par_1_9' title="bbox 1423 4473 1425 4766">
     <span class='ocr_line' id='line_1_37' title="bbox 1423 4473 1425 4496; baseline 0 0"><span class='ocrx_word' id='word_1_273' title='bbox 1423 4473 1425 4496; x_wconf 77' lang='lat' dir='ltr'><strong>l</strong></span> 
     </span>
     <span class='ocr_line' id='line_1_38' title="bbox 1423 4753 1424 4766; baseline 0 0"><span class='ocrx_word' id='word_1_274' title='bbox 1423 4753 1424 4766; x_wconf 74' lang='lat' dir='ltr'><strong>t</strong></span> 
     </span>
    </p>
   </div>
   <div class='ocr_carea' id='block_1_8' title="bbox 0 0 1447 4960">
    <p class='ocr_par' dir='ltr' id='par_1_10' title="bbox 0 0 1447 4960">
     <span class='ocr_line' id='line_1_39' title="bbox 0 0 1447 4960; baseline 0 0"><span class='ocrx_word' id='word_1_275' title='bbox 0 0 1447 4960; x_wconf 95' lang='lat' dir='ltr'><strong> </strong></span> 
     </span>
    </p>
   </div>
  </div>
 </body>
</html>
