2842 4950
492 365 665 447 *265
716 401 766 418 -·

107 559 115 582 '
167 553 354 632 Secundum
375 559 554 630 orationem
572 564 745 649 praetoris*
757 579 900 632 murmur
918 566 1024 634 ortum
1040 563 1175 634 aliorum

91 681 157 730 oum
176 680 333 750 assensu,
362 659 497 728 aliorum
521 661 734 732 inclementer
754 667 976 734 assentientes
996 667 1174 754 increpan-

90 765 182 854 tium3
203 769 237 830 et
256 764 321 828 iam
340 781 408 830 non
428 761 552 850 singuli
572 765 713 851 tantum,
733 762 793 832 sed
806 765 916 854 populi
928 767 1075 835 universi
1087 767 1174 834 inter
1284 767 1287 780 '

89 881 125 930 se
143 862 405 953 altercabantur3
430 865 497 927 tum
516 862 604 928 inter
623 863 840 951 magistratus
859 867 987 980 gentis,
1008 884 1090 952 quos
1110 863 1174 931 da-

88 965 228 1056 miurgos
257 966 400 1046 vocant,
436 969 604 1028 certamen
635 963 735 1030 nilrilo
770 966 928 1054 segnius,
962 983 1059 1058 quam
1087 965 1175 1032 inter

87 1061 334 1148 multitudinem,
355 1078 450 1152 ease3
472 1061 612 1148 quinque
633 1079 677 1128 ex
696 1080 831 1130 numero
851 1062 966 1132 decem
986 1051 1176 1154 demiurgo

86 1179 152 1226 rum
171 1162 338 1244 relaturos
357 1177 398 1226 se
415 1158 460 1226 de
479 1161 641 1229 mamete
653 1161 804 1231 Romana
817 1138 951 1232 aiebant
963 1164 1175 1254 sumagiun·

85 1279 144 1346 quc
163 1258 320 1350 muros,
351 1261 491 1346 quinque
517 1261 597 1350 lege
618 1267 747 1331 cantum
766 1263 993 1353 testabantur,
1021 1283 1065 1331 ne
1086 1263 1173 1352 quid,

86 1357 164 1446 quod
184 1359 348 1448 adversus
369 1360 508 1448 Philippi
527 1363 721 1432 societatem
741 1370 851 1453 esset,
877 1369 935 1434 aut
954 1364 1080 1432 referre
1099 1381 1174 1429 ma·

84 1462 292 1548 moronus,
312 1465 370 1528 aut
390 1457 573 1550 decernere
593 1465 734 1540 coneilio
751 1467 804 1536 ius
824 1471 926 1535 esset
967 1465 1033 1533 llic
1046 1481 1174 1551 quoque
1310 1471 1313 1476 '

84 1559 150 1627 dies
170 1561 290 1650 iurgiis
311 1565 364 1630 est
387 1567 586 1629 consumtus
1286 1596 1289 1607 s

160 1657 347 1749 Supererat
374 1680 459 1728 unus
487 1663 563 1732 iusti
591 1663 721 1732 concilii
748 1661 821 1733 dies
856 1659 975 1758 (tertio
1003 1664 1090 1732 enim
1118 1663 1176 1730 lex

85 1759 214 1830 iubebat
241 1759 410 1828 decretum
430 1759 543 1851 fieri),
570 1763 605 1829 in
634 1782 729 1850 quem
755 1762 840 1832 adeo
869 1781 1030 1832 exarsere
1054 1761 1176 1849 studia,
1248 1841 1252 1856 ³

83 1864 115 1926 ut
134 1861 191 1928 vix
211 1864 370 1949 parentes
384 1859 427 1926 ab
442 1859 553 1926 liberis
566 1864 834 1948 temperaverint.
874 1863 1050 1932 erisiasus
1062 1862 1175 1930 Pelle-

62 1961 193 2028 nensis
226 1961 326 2029 tilium
359 1957 585 2048 damiurgum,
616 1962 748 2030 nomine
775 1961 1002 2050 Memnonem,
1031 1961 1176 2030 habebat

80 2062 180 2145 partis
202 2061 289 2146 eins,
321 2076 406 2146 quae
432 2057 601 2128 decretum
620 2061 755 2128 recitari
773 2062 1015 2150 perrogarique
1034 2066 1173 2128 senten-

81 2159 141 2226 tias
170 2158 376 2249 prohibebat
423 2159 459 2226 Is
487 2156 543 2226 diu
572 2159 757 2229 obtestatus
783 2159 902 2248 filium,
937 2165 974 2226 ut
1001 2147 1175 2248 consulere

78 2259 235 2333 Achaeos
264 2258 424 2340 communi
453 2257 553 2326 saluti
568 2263 770 2348 pateretur,
806 2276 873 2326 neu
902 2241 1086 2347 pertinatia
1111 2273 1173 2344 sua

78 2365 214 2446 gentem
233 2359 423 2425 universam
448 2343 610 2445 perditum
629 2358 712 2456 iret,
739 2363 912 2452 postquam
941 2376 1056 2446 parum
1081 2357 1175 2424 snm-

78 2457 210 2524 aiebant
238 2475 373 2546 preces,
397 2460 523 2526 iuratus
550 2477 590 2526 se
618 2477 692 2526 eum
719 2477 781 2526 suo
800 2476 899 2526 manu
919 2459 1175 2576 interemtumm,

78 2575 138 2624 nec
158 2575 220 2644 pro
241 2557 323 2643 lilio,
353 2555 413 2624 sed
440 2579 501 2646 pro
530 2559 647 2675 hoste,
674 2559 752 2628 habi
753 2565 878 2675 turum,
908 2560 1004 2630 minis
1024 2559 1175 2648 pervicit,

79 2664 112 2724 ut
137 2662 273 2748 postero
302 2655 354 2724 die
377 2657 599 2750 coniungeret
624 2660 665 2728 iis
696 2677 751 2746 sc,
787 2660 841 2745 qui
870 2659 1068 2726 referebant.
1111 2653 1174 2738 Qui

81 2755 172 2842 quum
195 2757 314 2844 plnres
334 2757 414 2828 facti
442 2758 621 2843 referrent,
657 2757 805 2825 omnibns
831 2758 902 2826 fere
928 2757 1057 2846 populis
1085 2751 1174 2825 baud
1233 2773 1235 2778 ·

79 2855 172 2926 dubie
208 2856 466 2944 approbantibus
499 2857 693 2926 relationem
728 2875 770 2924 ac
800 2875 884 2944 prae
913 2876 953 2924 se
980 2856 1174 2943 ferentibus,
1307 2887 1310 2892 ·

81 2957 179 3044 quid
171 2956 338 3026 decreturi
358 2963 494 3049 essent3
523 2957 663 3052 Dymaei
690 2973 732 3034 ac
751 2957 1024 3046 Megalopolitani
1044 2962 1079 3022 et
1100 2955 1173 3044 qui-

81 3053 150 3124 dam
170 3040 394 3146 Argivorum,
419 3059 607 3147 priusquam
627 3056 796 3126 decretum
817 3058 930 3146 fieret,
950 3071 1172 3124 consurrexe-

80 3162 212 3232 mutae
234 3157 436 3244 reliquerunt
457 3159 647 3246 concilium,
673 3176 781 3245 neque
800 3159 942 3230 mirame
961 3157 1045 3244 ullo,
1065 3171 1173 3241 neque

80 3253 288 3342 improbante.
329 3258 418 3324 Nom
438 3247 762 3374 Megalopolitanos,
775 3275 913 3327 avorum
928 3255 1172 3342 memoriapnl-
1200 3251 1204 3256 ’

79 3371 131 3420 sos
151 3357 193 3426 ob
216 3344 508 3446 Lacedaemoniis,
540 3357 762 3426 restituerat
750 3378 785 3424 m
804 3359 945 3446 patriam
965 3353 1191 3444 Antigonus3,

15 3527 16 3534 p
80 3457 111 3520 ot
128 3454 304 3544 Dymaeis,
326 3459 432 3545 captis
453 3475 558 3546 nuper
578 3440 779 3545 direptisque
792 3457 835 3524 ab
849 3455 997 3523 exercitu
1009 3454 1171 3538 Romano,

80 3569 169 3638 quum
188 3554 315 3624 redimi
327 3574 402 3642 θοι,
422 3556 605 3644 ubicunque
619 3557 804 3642 servirent,
824 3555 993 3644 Philippus
1006 3553 1172 3636 iussisset,
1241 3639 1246 3650 ,

79 3669 141 3720 non
158 3655 345 3724 libertatem
363 3654 478 3744 modo,
502 3655 563 3724 sed
584 3657 683 3724 etiam
701 3655 841 3745 patriam
861 3651 1059 3722 reddiderat
1099 3651 1171 3718 Iam

80 3750 215 3842 Argivi,
243 3759 474 3842 praeterquam
495 3754 581 3843 quod
608 3753 831 3826 Macedonum
853 3772 957 3844 reges
978 3753 1021 3822 ab
1042 3770 1081 3819 se
1102 3751 1170 3818 ori-

80 3851 179 3926 undos
200 3851 359 3942 credunt,
388 3855 529 3942 privatis
556 3855 655 3926 etiam
681 3857 830 3944 hospitiis
856 3855 1074 3947 familiarique,
1087 3853 1170 3920 ami-

81 3950 151 4017 oitia
176 3955 326 4044 plerique
351 3954 472 4044 illigati
500 3955 647 4044 Philippo
678 3962 783 4026 erant
830 3953 881 4024 0b
909 3957 994 4025 haeo
1022 3953 1169 4039 concilio,

82 4050 162 4134 quod
181 4054 403 4123 inclmaverat
423 4052 467 4122 ad
486 4055 669 4122 Romanam
688 4058 881 4125 societatem
899 4051 1083 4139 iubendam,
1104 4069 1168 4116 ex-

81 4159 267 4241 cesserunt,
280 4147 458 4248 ,ueniaque
486 4155 528 4222 iis
555 4153 650 4222 huius
675 4157 876 4226 secessionis
905 4155 964 4224 fruit
984 4159 1019 4222 et
1038 4150 1168 4242 magnis

81 4252 113 4322 et
130 4254 320 4330 recentius
339 4255 496 4350 obligatis
516 4252 692 4368 beneidis
