2844 4952
466 375 516 392 -·
569 341 640 420 159
691 373 740 392 ····
770 391 774 400 ·
947 343 950 351 ¹
1407 377 1410 420 ι

1407 471 1410 518 ι

74 537 169 606 denda
189 535 394 602 Achaeorum
415 529 601 622 republica,
630 542 740 604 tamen
761 537 907 625 Aratus,
938 540 993 625 qui
1015 545 1049 608 et
1067 539 1145 610 bla-
1193 601 1196 606 A
1408 539 1410 564 ¹

74 637 220 722 cedouas,
241 639 276 701 et
295 634 433 702 Aetolos
454 652 526 702 eum
551 632 728 724 Spartanis
759 637 966 706 Achaeorum
990 643 1145 726 perniciei
1163 689 1165 698 1

74 736 292 824 quasiinbiare
306 731 500 800 iamdudum
513 737 616 823 nevit,
637 753 702 822 qua
713 736 863 815 sollertia
883 738 1025 824 pollebat
1044 758 1145 828 prae-

72 835 251 904 uertendum
264 835 534 923 societatemque,
555 853 641 922 quae
654 837 780 904 etiarnsi
792 838 873 903 inita
886 857 953 904 nou
965 846 1040 907 erat
1052 841 1146 930 iungi

72 935 317 1022 tamenepotuit,
351 934 671 1020 perniciosissimnna
684 937 773 1002 illam
797 937 832 1003 iu
856 942 1005 1026 tempore
1023 939 1145 1008 dissol-

71 1034 197 1106 vendam
219 1033 355 1100 curevit.
412 1028 505 1112 Quod
525 1051 607 1102 vere
627 1035 823 1104 Plutarchus
843 1033 899 1130 (in
920 1039 977 1108 un't.
997 1040 1093 1108 Aret.
1116 1059 1144 1108 c.
1173 1113 1175 1120 ,

70 1131 132 1226 41.)
158 1125 292 1220 scribit,
325 1133 464 1202 Aetolos
491 1137 659 1224 suppetias
687 1135 811 1224 petenti
838 1137 944 1206 Arato
978 1139 1145 1230 abnuisse,

70 1242 201 1304 nostram
221 1233 414 1302 confirmare
433 1231 562 1300 videaur
581 1237 788 1304 seutentiam.
820 1236 982 1304 Locorum
994 1237 1144 1331 denique,

70 1354 139 1419 quos
157 1337 236 1402 citat
256 1335 385 1420 Lucas,
407 1340 524 1400 neuter
543 1332 587 1400 ad
607 1337 686 1404 belli
700 1334 900 1406 Cleomenici
919 1342 1046 1426 tempus
1060 1358 1144 1426 qua-

69 1433 141 1500 drat
178 1434 306 1520 Polybii
327 1440 434 1500 autem
453 1436 600 1502 narratio
620 1433 695 1529 (ll,
727 1433 804 1526 ab.)
834 1437 967 1524 Lycisci
995 1441 1144 1507 oratioue

68 1530 188 1624 (Polyb.
202 1533 284 1620 IX,
304 1535 393 1598 82*
401 1537 453 1598 Ab.
473 1535 617 1623 inprimis
637 1554 674 1603 c.·
687 1539 740 1624 bd,
760 1531 814 1627 t.)
835 1537 953 1625 optime
968 1537 1142 1606 confirma·

69 1641 120 1720 tur,
138 1652 243 1721 neque
257 1633 484 1702 contradicunt
492 1633 799 1706 ChlaeueaeAetoli
809 1637 913 1704 verbu
926 1634 1064 1730 [Polyb.
1077 1628 1143 1729 lX,
1278 1667 1281 1686 ·
1408 1677 1410 1684 ι

68 1730 179 1825 444),
201 1736 317 1822 quibus
336 1735 448 1802 Lucas
468 1737 503 1803 in
522 1754 592 1804 rem
613 1754 707 1804 suam
727 1738 826 1804 utitur
845 1733 898 1830 (p-
918 1735 1006 1830 ah),
1027 1741 1142 1828 quippe

69 1854 138 1919 pac
156 1835 198 1903 ab
218 1835 341 1904 Aetolo
361 1835 490 1923 prelata
509 1838 695 1926 suspicione
715 1857 782 1908 uon
807 1844 953 1910 careant.

540 2032 647 2126 §.bb

100 2155 322 2267 Anbtoncuchi,
345 2192 445 2256 Arati
463 2191 646 2255 nomana
656 2236 668 2268 ,
698 2189 891 2276 Hyperbalo‘e
902 2237 914 2268 ‚
940 2193 1104 2256 l'imoueni

242 2293 351 2376 prolum
362 2337 374 2368 ,
400 2291 502 2358 Arati
517 2295 614 2357 tertia
635 2291 757 2355 decimu
773 2300 942 2378 praetura.

133 2434 223 2520 Quod
245 2455 342 2524 quum
362 2438 480 2506 bellum
500 2445 635 2528 propter
654 2440 768 2507 varies
790 2455 948 2527 caussas,
969 2440 1142 2506 maximam

67 2555 131 2605 vero
150 2545 279 2628 partem
299 2540 489 2606 Aetolorum
508 2539 650 2629 invidia,
678 2541 851 2607 conflatum
871 2546 984 2630 esset,
1012 2541 1141 2607 Achaei
1406 2593 1409 2662 ,

66 2639 180 2721 primum
209 2640 352 2728 propriis
382 2641 507 2708 viribus
533 2640 676 2710 foederis
705 2641 930 2728 integritatem
963 2639 1141 2707 defendere

67 2740 297 2806 constituerunt.
338 2734 595 2819 Quamobrem
615 2741 759 2826 Aratus,
779 2740 900 2805 munito
913 2757 974 2826 per
988 2737 1141 2807 cleome-
1407 2701 1409 2784 Ὗ

66 2855 125 2906 uero
145 2839 326 2925 ,Athenaeo
352 2838 418 2918 (ad
446 2839 646 2928 Belmiuam,
673 2837 759 2926 quod
787 2839 940 2926 templum
966 2838 1140 2908 Minervae
1408 2837 1409 2840 ’

65 2934 174 3006 crath
183 2929 539 3027 Megalopolitanorum
559 2959 644 3030 agro
659 2942 766 3029 situm,
787 2939 902 3026 Polyb.
916 2940 961 3028 ΙΙ,
975 2941 1038 3026 Ab,
1054 2938 1139 3026 quod

65 3034 167 3106 aditum
186 3041 220 3106 in
243 3041 418 3107 buconiam
438 3047 495 3109 aut
513 3039 735 3110 intercludere
756 3045 813 3106 aut
833 3040 963 3127 aperire
990 3038 1140 3107 hostibus

64 3137 156 3219 potuit.
175 3139 263 3205 Plut.
286 3137 406 3207 Oleom.
429 3160 458 3208 c.
478 3145 510 3206 4.
530 3144 586 3210 ubi
606 3148 746 3209 vocatur
759 3139 910 3227 Belbina,
931 3156 1016 3225 quae
1030 3139 1140 3204 insula

64 3243 123 3302 erat
141 3239 279 3324 paruula
298 3258 400 3328 prope
420 3242 598 3331 Aeginam,
620 3238 879 3325 stabulau.
900 3239 964 3322 IX,
986 3241 1015 3302 1.
1036 3238 1139 3304 Beru-

65 3331 132 3402 bina
145 3341 239 3406 vicus
259 3338 344 3424 baud
365 3343 478 3428 procul
493 3343 666 3428 aNemca,
687 3338 801 3406 Strab.
819 3337 913 3423 Vlll,
933 3340 964 3400 d.
986 3337 1139 3437 templum

64 3450 131 3502 vero
149 3439 228 3506 illud
249 3437 369 3506 dictum
389 3448 423 3508 et
442 3442 592 3509 Belmina
617 3441 730 3526 Polyb.
755 3440 808 3525 ss,
836 3440 887 3502 40.
908 3437 959 3499 bl,
981 3441 1015 3500 et
1035 3434 1137 3502 Bele-

63 3534 152 3623 mina,
171 3537 271 3604 Paus.
292 3538 391 3627 Vlll,
411 3543 474 3629 ab,
494 3545 525 3607 b
547 3549 582 3608 et
601 3541 751 3606 blentina
763 3535 877 3604 Strab.
892 3535 985 3622 Vlll,
998 3535 1029 3598 b
1052 3533 1138 3600 llel-

63 3634 378 3726 virg.l.c.p.124.
404 3641 448 3706 Ν.
476 3643 508 3706 t.
537 3640 590 3728 qui
615 3640 709 3706 locus
738 3636 852 3724 magni
876 3630 1007 3700 videtur
1033 3632 1137 3700 luisse

63 3738 211 3828 monenti,
232 3755 307 3804 uam
328 3757 424 3824 quum
445 3736 640 3808 Cleomenes
660 3745 733 3806 tras
753 3736 827 3801 illas
847 3730 1014 3800 Arcadiae
1034 3733 1137 3800 urbes

63 3828 296 3920 inpotestatem
315 3855 409 3904 suam
429 3836 615 3927 redigeret,
650 3837 806 3902 Achaeos
832 3849 947 3920 pacem
976 3850 1137 3900 servasse
1276 3899 1280 3924 ‚

63 3933 167 4002 scium
187 3945 221 4030 ot
241 3943 338 4025 capto
358 3937 487 4018 demum
507 3937 690 4004 Athenaeo·
704 3936 823 4002 bellum
843 3951 921 3999 esse
941 3929 1136 4019 exonam),
1227 4016 1229 4022 ¹

62 4028 160 4102 eduxit
190 4035 315 4123 quddam
343 4041 443 4104 noctu
469 4036 582 4122 cupias
612 4051 692 4100 muas
719 4033 867 4120 Tegeam
892 4039 926 4098 et
952 4028 1135 4100 Orchome-

62 4150 127 4200 num
145 4136 465 4226 proditorumopera
485 4139 747 4221 expugnaturus,
768 4129 829 4198 sed
850 4150 887 4198 re
907 4134 1029 4200 intecta
1044 4131 1137 4199 abire

62 4241 182 4306 coactas
202 4245 253 4308 est
274 4238 404 4327 (Polyb,
424 4237 479 4326 ll,
499 4237 551 4304 Ab.
572 4235 624 4300 bt.
644 4232 728 4302 utut
750 4229 872 4300 Cleon.
894 4250 923 4298 c.
944 4235 1001 4320 4.).
