2844 4952
499 359 772 465 ..aua-7

91 550 173 615 nam
193 546 368 616 llansonis
388 548 585 616 senitentiam
605 567 672 618 non
698 529 869 639 r'eiutavit,
897 567 1005 640 neque
1025 569 1117 619 ruam
1137 553 1201 620 ita'

92 647 317 735 confirmavit,
337 653 374 714 ut
393 665 455 714 nos
468 644 512 712 ad
526 663 600 716 eam
619 646 824 739 traducat),
843 649 1076 723 Lachmannns
1096 653 1132 732 (l.
1155 671 1184 719 c.

91 751 137 818 ll.
165 743 201 838 5”.
221 751 290 832 44.)
311 755 346 814 et
366 744 551 815 Schornius
570 745 614 842 (l.
637 767 665 816 c.
686 771 718 838 4.
740 751 812 816 184.
833 767 882 838 sq.
896 745 972 842 N.)
994 745 1087 832 Quae
1101 752 1187 817 enim

91 852 211 918 livius
239 845 407 946 (xxvll,
440 847 493 913 44.
522 865 593 934 sqq.
620 854 655 914 et
688 851 835 938 XXVlll,
868 851 899 914 4.
929 844 1030 941 sqq.)
1061 857 1188 939 narrat,

90 948 420 1038 Schweighaeusero
445 945 576 1015 videtur
607 945 650 1013 ad
677 965 799 1015 annum
817 947 941 1016 44111.
963 947 1001 1016 0.
1022 951 1188 1038 retulisse,

90 1069 189 1137 quum
210 1055 322 1116 tumen
340 1065 402 1136 per
422 1045 505 1115 duos
526 1065 632 1116 annos
660 1050 833 1116 continuos
854 1045 1080 1115 distribuenda
1102 1052 1189 1142 sint3

88 1151 246 1220 Mansnni
265 1167 348 1218 vero
370 1154 405 1216 et
420 1147 648 1236 hachmanno,
670 1151 724 1235 qui
743 1151 865 1237 prioris
885 1148 957 1215 sere
983 1149 1100 1234 ubique
1131 1169 1190 1216 se-
1234 1203 1237 1210 .

89 1251 199 1336 quitur
231 1247 619 1343 auctoritatem,1nvtus
639 1247 724 1313 haec
745 1248 842 1312 annis
863 1234 903 1313 U.
925 1243 964 1314 0.
984 1249 1049 1312 444
1069 1255 1104 1315 44
1123 1251 1187 1315 ola

88 1347 224 1416 videtur
244 1351 463 1438 assignasse,
484 1365 570 1434 quae
590 1344 634 1412 ad
654 1363 761 1413 annos
781 1345 822 1414 U.
836 1344 874 1414 O.
888 1348 953 1411 444
973 1353 1007 1414 et
1027 1350 1091 1412 444
1109 1369 1189 1436 per-

88 1449 228 1516 tineant.
270 1447 486 1536 Eandemque
513 1448 711 1515 sententium
735 1466 803 1514 non
823 1447 929 1514 solum
948 1448 1132 1536 amplexum
1151 1465 1192 1515 se
1331 1533 1338 1544 ἱ

89 1567 169 1614 esse
199 1545 261 1616 sed
292 1549 390 1615 etiam
417 1549 518 1625 certis
551 1545 743 1634 qnibnsdam
776 1547 960 1644 rationibps
989 1547 1216 1616 stabilivisse

88 1647 264 1736 profitetur
283 1645 467 1714 Subernius
487 1644 530 1740 (l.
553 1642 613 1738 c.)
634 1647 767 1738 Bayero
787 1667 904 1715 rursus
923 1647 1009 1715 haec
1026 1645 1190 1717 videban-

86 1754 141 1814 tur
180 1765 260 1814 esse
293 1745 467 1814 referenda
503 1745 547 1812 ad
578 1765 686 1842 annos
713 1747 754 1816 U.
785 1746 824 1817 0.
850 1751 915 1814 444
941 1753 976 1815 et
1003 1748 1069 1812 444
1088 1765 1189 1814 aerae

93 1847 343 1936 Varronianus,
370 1865 398 1913 s.
420 1845 463 1914 ad
484 1827 590 1915 annos
610 1849 675 1913 21⁰
695 1853 731 1916 et
749 1851 814 1914 844
833 1865 864 1914 4.
884 1845 965 1915 chr.
1005 1847 1080 1913 Nos
1106 1867 1188 1914 vero

89 1949 313 2016 distribuimus
341 1968 402 2036 per
426 1957 504 2016 tres·
527 1968 634 2016 annos
654 1951 739 2038 214,
762 1951 827 2014 244
846 1953 881 2015 et
901 1949 965 2012 2th
984 1963 1015 2012 4.
1036 1945 1115 2014 cnr.
1136 1945 1188 2012 id-

1 2046 3 2058 '
91 2067 156 2136 que
176 2051 283 2135 ipsum
304 2051 490 2136 insequenti
509 2051 719 2138 narratione,
748 2047 792 2115 ad
812 2064 909 2134 quam
929 2045 1100 2112 transituri
1131 2065 1190 2110 su·
1286 2117 1289 2127 .

88 2157 181 2237 nius,
204 2149 363 2236 prolixius
383 2149 670 2218 demonstrabitur.

167 2247 298 2316 Eadem
313 2255 508 2338 tempestate
521 2249 700 2337 Lycurgus
720 2247 777 2333 (cl.
791 2245 923 2314 Clinton
944 2245 966 2309 l.
982 2259 1011 2308 c.
1033 2263 1065 2330 p.
1085 2241 1185 2327 118),

86 2349 156 2435 qui,
179 2347 396 2436 Agesipolide
416 2350 478 2415 ΠΙ.
499 2349 637 2437 expulso
657 2344 753 2441 [liv.
767 2347 919 2434 XXXIV,
932 2346 985 2432 44,
999 2345 1050 2408 14.
1071 2340 1187 2428 Polyb.

87 2451 212 2535 XXIV,
234 2451 294 2535 11,
316 2443 384 2538 1.),
405 2449 496 2516 solus
517 2447 603 2538 apud
623 2445 810 2536 Spartanos
831 2445 950 2535 regale
971 2443 1108 2512 obtinuit
1127 2441 1189 2506 im-

86 2549 226 2636 perium,
246 2547 497 2616 Lacedaemone
517 2555 663 2616 mortuus
685 2554 738 2615 est
763 2562 1056 2630 successoremque
1074 2544 1110 2612 in
1129 2559 1187 2608 re-

85 2667 157 2736 gno
179 2647 295 2714 hahuit
314 2647 469 2738 Pelopem
488 2649 597 2716 filium.
639 2645 703 2728 oui
724 2665 821 2734 quum
846 2659 984 2736 prorsus
1012 2647 1104 2710 esset
1133 2643 1187 2706 in-
1311 2721 1313 2725 ι

85 2746 233 2835 dignus,
260 2764 283 2811 a
308 2765 371 2834 quo
406 2749 596 2837 respublica
629 2745 933 2830 administraretur,
968 2737 1187 2808 Machanidas
1256 2799 1260 2804 .

86 2844 240 2934 quidam,
266 2864 360 2931 quem
389 2853 525 2914 veteres
556 2852 711 2912 auctores
737 2847 825 2912 inter
845 2848 1008 2930 tyrannos
1028 2839 1186 2924 referunt,

84 2946 249 3016 violentia
268 2963 379 3012 rerum
399 2945 544 3034 Spartae
565 2943 693 3034 quidem
710 2946 835 3035 potitus
856 2949 929 3033 est,
957 2925 1111 3029 Pelopem
1132 2946 1187 3006 ta-

85 3065 166 3114 men
192 3045 384 3136 regianum
413 3047 558 3134 privavit
586 3045 759 3135 dignitate.
837 3046 881 3111 iv.
906 3030 1054 3128 XXXlV,
1079 3043 1131 3106 21.
1153 3045 1188 3108 et

85 3150 141 3213 82.
163 3143 262 3212 Diod.
283 3145 419 3234 Pragm.
445 3147 498 3213 lib.
519 3147 646 3214 XXVll.
680 3145 780 3212 Paus.
820 3143 869 3232 V,
882 3134 960 3231 Ἣ,
986 3145 1017 3208 4.
1039 3143 1094 3228 qui
1113 3141 1186 3228 lay,

65 3258 230 3336 *nurgum
250 3247 479 3333 praetermisit
501 3243 550 3313 ct.
577 3240 762 3334 84114441.
784 3232 1024 3333 4.,4.184.,Ν.
1046 3241 1131 3306 inira
1151 3236 1186 3329 5.

82 3351 139 3413 ffl.
154 3346 216 3429 N.)
234 3347 375 3433 Imperio
388 3366 466 3413 mox
485 3338 614 3412 firmatd
630 3345 812 3432 copiisque·
822 3343 957 3440 coactis·
967 3337 1185 3408 Machanidas

82 3447 249 3515 Achaeos
269 3445 402 3513 finitimo
423 3446 510 3513 bello
530 3445 664 3536 umbrat,
685 3432 819 3532 quibus,
831 3440 943 3528 nqunn'p
964 3439 1080 3531 Aetoli¹
1093 3439 1187 3502 insu-

67 3567 153 3636 ·per
174 3546 317 3613 navibus
337 3563 398 3633 per
418 3543 669 3636 iretnmpqnod
685 3545 899 3632 Naupactum
925 3545 959 3609 et
984 3539 1105 3604 Petras
1134 3539 1188 3604 in-

84 3645 229 3734 temnit,
251 3645 399 3745 qxercitn
418 3645 557 3713 traiecto
569 3646 730 3714 Achaiae
750 3643 907 3730 regiones
927 3637 1104 3711 maritimas
1125 3633 1187 3702 de-

84 3747 347 3836 popularentur,
367 3745 803 3847 implorantihnsq-Philippus
824 3735 944 3806 eadem
960 3728 1090 3813 amiate
1110 3739 1190 3815 (214
1311 3753 1314 3756 ·

72 3864 120 3912 -ιι
144 3841 240 3928 Chr.)
262 3845 416 3925 anilium
436 3845 519 3911 tulit
559 3843 607 3909 P.
627 3841 794 3930 Sulpicius
813 3840 1003 3928 Aeginam,
1029 3832 1187 3934 Achaeo-

82 3965 162 4013 rum
183 3945 330 4038 poeicm,
355 3949 534 4032 expugnat
554 3942 683 4029 (Polyb.
706 3942 830 4028 XXlll,
849 3938 888 4026 8,
907 3936 1038 4018 4,-12,
1069 3940 1132 4022 Xl,
1146 3939 1185 4020 n,

82 4049 119 4139 s
142 4045 218 4112 niv.
239 4047 374 4138 nuru,
393 4046 445 4110 as
465 4045 517 4143 aa.
548 4044 588 4115 cr.
667 4056 726 4106 cas
742 4039 769 4121 ι.
787 4057 821 4149 4.
841 4057 874 4126 p.
895 4039 966 4101 117.
996 4016 1141 4127 sonori.
1163 4034 1185 4098 1.

83 4164 116 4214 c.
140 4165 175 4231 p.
197 4145 268 4210 184.
288 4143 369 4242 Ν.),·
386 4143 534 4230 Philippo
555 4143 593 4206 in
642 4140 786 4206 raeciam
815 4134 1030 4237 descendenti
1051 4132 1094 4198 ad
1114 4133 1184 4195 La-

84 4244 188 4311 miam
215 4241 327 4310 urbem
355 4243 481 4332 Aetoli,
510 4240 595 4308 duce
624 4239 781 4328 Pyrrhia,
811 4238 866 4323 qui
895 4241 1027 4400 4444444
1055 4237 1088 4300 14
1110 4250 1183 4300 eum
