<?xml version="1.0" encoding="UTF-8"?>
<!DOCTYPE html PUBLIC "-//W3C//DTD XHTML 1.0 Transitional//EN"
    "http://www.w3.org/TR/xhtml1/DTD/xhtml1-transitional.dtd">
<html xmlns="http://www.w3.org/1999/xhtml" xml:lang="en" lang="en">
 <head>
  <title>
</title>
<meta http-equiv="Content-Type" content="text/html;charset=utf-8" />
  <meta name='ocr-system' content='tesseract 3.04.00' />
  <meta name='ocr-capabilities' content='ocr_page ocr_carea ocr_par ocr_line ocrx_word'/>
</head>
<body>
  <div class='ocr_page' id='page_1' title='image "achaicorumlibri00merlgoog_0178.png"; bbox 0 0 2844 4952; ppageno 0'>
   <div class='ocr_carea' id='block_1_1' title="bbox 479 343 750 424">
    <p class='ocr_par' dir='ltr' id='par_1_1' title="bbox 479 343 750 424">
     <span class='ocr_line' id='line_1_1' title="bbox 479 343 750 424; baseline 0.022 -6"><span class='ocrx_word' id='word_1_1' title='bbox 479 343 750 424; x_wconf 64' lang='lat'>-1617-</span> 
     </span>
    </p>
   </div>
   <div class='ocr_carea' id='block_1_2' title="bbox 68 525 1252 1124">
    <p class='ocr_par' dir='ltr' id='par_1_2' title="bbox 68 525 1252 1124">
     <span class='ocr_line' id='line_1_2' title="bbox 68 525 1194 626; baseline -0.003 -20"><span class='ocrx_word' id='word_1_2' title='bbox 68 539 189 606; x_wconf 83' lang='lat' dir='ltr'><strong>Aratus</strong></span> <span class='ocrx_word' id='word_1_3' title='bbox 208 537 359 626; x_wconf 78' lang='lat' dir='ltr'><strong>idemque</strong></span> <span class='ocrx_word' id='word_1_4' title='bbox 378 534 535 622; x_wconf 82' lang='lat' dir='ltr'><strong>Polybius</strong></span> <span class='ocrx_word' id='word_1_5' title='bbox 555 532 712 602; x_wconf 88' lang='lat' dir='ltr'><strong>traderet.</strong></span> <span class='ocrx_word' id='word_1_6' title='bbox 762 525 856 615; x_wconf 77' lang='lat' dir='ltr'><strong>cuod</strong></span> <span class='ocrx_word' id='word_1_7' title='bbox 870 551 951 604; x_wconf 87' lang='lat' dir='ltr'><strong>vero</strong></span> <span class='ocrx_word' id='word_1_8' title='bbox 965 534 1155 605; x_wconf 84' lang='lat' dir='ltr'><strong>Aetolomm</strong></span> <span class='ocrx_word' id='word_1_9' title='bbox 1192 541 1194 546; x_wconf 86' lang='lat'>&#39;</span> 
     </span>
     <span class='ocr_line' id='line_1_3' title="bbox 73 633 1252 724; baseline 0.002 -22"><span class='ocrx_word' id='word_1_10' title='bbox 73 656 136 704; x_wconf 89' lang='lat' dir='ltr'><strong>com</strong></span> <span class='ocrx_word' id='word_1_11' title='bbox 147 636 366 706; x_wconf 82' lang='lat' dir='ltr'><strong>Macedonum</strong></span> <span class='ocrx_word' id='word_1_12' title='bbox 378 653 464 724; x_wconf 84' lang='lat' dir='ltr'><strong>rege</strong></span> <span class='ocrx_word' id='word_1_13' title='bbox 484 635 603 702; x_wconf 78' lang='lat' dir='ltr'><strong>namot</strong></span> <span class='ocrx_word' id='word_1_14' title='bbox 615 637 825 724; x_wconf 89' lang='lat' dir='ltr'><strong>societatem,</strong></span> <span class='ocrx_word' id='word_1_15' title='bbox 855 636 1011 724; x_wconf 82' lang='lat' dir='ltr'><strong>Polybius</strong></span> <span class='ocrx_word' id='word_1_16' title='bbox 1029 633 1158 722; x_wconf 83' lang='lat' dir='ltr'><strong>quidem</strong></span> <span class='ocrx_word' id='word_1_17' title='bbox 1247 650 1252 654; x_wconf 85' lang='grc'><strong><em>·</em></strong></span> 
     </span>
     <span class='ocr_line' id='line_1_4' title="bbox 72 733 1156 824; baseline 0.006 -24"><span class='ocrx_word' id='word_1_18' title='bbox 72 756 130 810; x_wconf 85' lang='lat' dir='ltr'><strong>non</strong></span> <span class='ocrx_word' id='word_1_19' title='bbox 148 735 247 824; x_wconf 84' lang='lat' dir='ltr'><strong>dicit,</strong></span> <span class='ocrx_word' id='word_1_20' title='bbox 275 753 348 803; x_wconf 91' lang='lat' dir='ltr'><strong>eam</strong></span> <span class='ocrx_word' id='word_1_21' title='bbox 377 753 417 802; x_wconf 92' lang='lat' dir='ltr'><strong>re</strong></span> <span class='ocrx_word' id='word_1_22' title='bbox 443 751 527 801; x_wconf 87' lang='lat' dir='ltr'><strong>vera</strong></span> <span class='ocrx_word' id='word_1_23' title='bbox 547 753 625 802; x_wconf 86' lang='lat' dir='ltr'><strong>esse</strong></span> <span class='ocrx_word' id='word_1_24' title='bbox 650 735 780 823; x_wconf 84' lang='lat' dir='ltr'><strong>irritam,</strong></span> <span class='ocrx_word' id='word_1_25' title='bbox 815 733 876 802; x_wconf 86' lang='lat' dir='ltr'><strong>sed</strong></span> <span class='ocrx_word' id='word_1_26' title='bbox 902 737 1156 806; x_wconf 85' lang='lat' dir='ltr'><strong>communionem</strong></span> 
     </span>
     <span class='ocr_line' id='line_1_5' title="bbox 73 834 1158 923; baseline 0.003 -21"><span class='ocrx_word' id='word_1_27' title='bbox 73 837 169 923; x_wconf 74' lang='lat' dir='ltr'><strong>potius</strong></span> <span class='ocrx_word' id='word_1_28' title='bbox 189 837 332 922; x_wconf 88' lang='lat' dir='ltr'><strong>aliquam</strong></span> <span class='ocrx_word' id='word_1_29' title='bbox 350 839 501 902; x_wconf 87' lang='lat' dir='ltr'><strong>votorum</strong></span> <span class='ocrx_word' id='word_1_30' title='bbox 521 834 690 922; x_wconf 87' lang='lat' dir='ltr'><strong>utriusque</strong></span> <span class='ocrx_word' id='word_1_31' title='bbox 709 836 818 923; x_wconf 93' lang='lat' dir='ltr'><strong>populi</strong></span> <span class='ocrx_word' id='word_1_32' title='bbox 848 841 1011 923; x_wconf 88' lang='lat' dir='ltr'><strong>testatur,</strong></span> <span class='ocrx_word' id='word_1_33' title='bbox 1032 839 1158 910; x_wconf 88' lang='lat' dir='ltr'><strong>scilicet</strong></span> 
     </span>
     <span class='ocr_line' id='line_1_6' title="bbox 73 931 1159 1021; baseline 0.007 -23"><span class='ocrx_word' id='word_1_34' title='bbox 73 942 103 1003; x_wconf 91' lang='lat' dir='ltr'><strong>nt</strong></span> <span class='ocrx_word' id='word_1_35' title='bbox 115 935 376 1004; x_wconf 72' lang='lat' dir='ltr'><strong>distraherentur</strong></span> <span class='ocrx_word' id='word_1_36' title='bbox 395 931 704 1021; x_wconf 87' lang='lat' dir='ltr'><strong>debellarenturque</strong></span> <span class='ocrx_word' id='word_1_37' title='bbox 718 935 926 1003; x_wconf 77' lang='lat' dir='ltr'><strong>Achaeorum</strong></span> <span class='ocrx_word' id='word_1_38' title='bbox 944 938 1055 1005; x_wconf 90' lang='lat' dir='ltr'><strong>urbes.</strong></span> <span class='ocrx_word' id='word_1_39' title='bbox 1076 937 1159 1006; x_wconf 90' lang='lat' dir='ltr'><strong>Inde</strong></span> 
     </span>
     <span class='ocr_line' id='line_1_7' title="bbox 70 1032 1158 1124; baseline 0.005 -25"><span class='ocrx_word' id='word_1_40' title='bbox 70 1041 189 1121; x_wconf 88' lang='lat' dir='ltr'><strong>autem,</strong></span> <span class='ocrx_word' id='word_1_41' title='bbox 223 1032 310 1121; x_wconf 91' lang='lat' dir='ltr'><strong>quod</strong></span> <span class='ocrx_word' id='word_1_42' title='bbox 341 1033 453 1100; x_wconf 90' lang='lat' dir='ltr'><strong>Aetoli</strong></span> <span class='ocrx_word' id='word_1_43' title='bbox 480 1035 628 1121; x_wconf 78' lang='lat' dir='ltr'><strong>gentium</strong></span> <span class='ocrx_word' id='word_1_44' title='bbox 652 1035 838 1121; x_wconf 85' lang='lat' dir='ltr'><strong>insequenti</strong></span> <span class='ocrx_word' id='word_1_45' title='bbox 863 1032 991 1102; x_wconf 89' lang='lat' dir='ltr'><strong>demum</strong></span> <span class='ocrx_word' id='word_1_46' title='bbox 1010 1037 1158 1124; x_wconf 87' lang='lat' dir='ltr'><strong>tempore</strong></span> 
     </span>
    </p>
   </div>
   <div class='ocr_carea' id='block_1_3' title="bbox 72 1131 1310 1225">
    <p class='ocr_par' dir='ltr' id='par_1_3' title="bbox 72 1131 1310 1225">
     <span class='ocr_line' id='line_1_8' title="bbox 72 1131 1310 1225; baseline 0.006 -25"><span class='ocrx_word' id='word_1_47' title='bbox 72 1152 139 1200; x_wconf 90' lang='lat' dir='ltr'><strong>cum</strong></span> <span class='ocrx_word' id='word_1_48' title='bbox 175 1131 415 1202; x_wconf 77' lang='lat' dir='ltr'><strong>Macedonibus</strong></span> <span class='ocrx_word' id='word_1_49' title='bbox 457 1133 698 1200; x_wconf 83' lang='lat' dir='ltr'><strong>coniunctorum</strong></span> <span class='ocrx_word' id='word_1_50' title='bbox 736 1132 836 1199; x_wconf 87' lang='lat' dir='ltr'><strong>urbes</strong></span> <span class='ocrx_word' id='word_1_51' title='bbox 871 1142 1165 1225; x_wconf 64' lang='lat' dir='ltr'><strong>expugnavenmq</strong></span> <span class='ocrx_word' id='word_1_52' title='bbox 1278 1153 1310 1208; x_wconf 92' lang='grc'><strong>·.</strong></span> 
     </span>
    </p>
   </div>
   <div class='ocr_carea' id='block_1_4' title="bbox 64 1229 1184 4316">
    <p class='ocr_par' dir='ltr' id='par_1_4' title="bbox 64 1229 1184 4316">
     <span class='ocr_line' id='line_1_9' title="bbox 70 1229 1159 1320; baseline 0.001 -18"><span class='ocrx_word' id='word_1_53' title='bbox 70 1232 262 1302; x_wconf 85' lang='lat' dir='ltr'><strong>concludere</strong></span> <span class='ocrx_word' id='word_1_54' title='bbox 282 1233 393 1320; x_wconf 87' lang='lat' dir='ltr'><strong>velle,</strong></span> <span class='ocrx_word' id='word_1_55' title='bbox 421 1229 508 1298; x_wconf 89' lang='lat' dir='ltr'><strong>iden</strong></span> <span class='ocrx_word' id='word_1_56' title='bbox 529 1233 698 1300; x_wconf 85' lang='lat' dir='ltr'><strong>consilium</strong></span> <span class='ocrx_word' id='word_1_57' title='bbox 717 1233 846 1300; x_wconf 87' lang='lat' dir='ltr'><strong>minime</strong></span> <span class='ocrx_word' id='word_1_58' title='bbox 867 1238 1060 1301; x_wconf 84' lang='lat' dir='ltr'><strong>exsecutum</strong></span> <span class='ocrx_word' id='word_1_59' title='bbox 1080 1253 1159 1304; x_wconf 86' lang='lat' dir='ltr'><strong>esse</strong></span> 
     </span>
     <span class='ocr_line' id='line_1_10' title="bbox 69 1332 1159 1421; baseline 0.004 -21"><span class='ocrx_word' id='word_1_60' title='bbox 69 1339 232 1420; x_wconf 85' lang='lat' dir='ltr'><strong>utrumque</strong></span> <span class='ocrx_word' id='word_1_61' title='bbox 252 1333 414 1421; x_wconf 87' lang='lat' dir='ltr'><strong>populum,</strong></span> <span class='ocrx_word' id='word_1_62' title='bbox 434 1332 507 1419; x_wconf 77' lang='lat' dir='ltr'><strong>plus</strong></span> <span class='ocrx_word' id='word_1_63' title='bbox 528 1337 592 1420; x_wconf 82' lang='lat' dir='ltr'><strong>est,</strong></span> <span class='ocrx_word' id='word_1_64' title='bbox 613 1349 708 1419; x_wconf 87' lang='lat' dir='ltr'><strong>quam</strong></span> <span class='ocrx_word' id='word_1_65' title='bbox 721 1353 782 1421; x_wconf 89' lang='lat' dir='ltr'><strong>pre</strong></span> <span class='ocrx_word' id='word_1_66' title='bbox 796 1351 834 1399; x_wconf 93' lang='lat' dir='ltr'><strong>rc</strong></span> <span class='ocrx_word' id='word_1_67' title='bbox 855 1332 1077 1402; x_wconf 81' lang='lat' dir='ltr'><strong>confirmando</strong></span> <span class='ocrx_word' id='word_1_68' title='bbox 1096 1334 1159 1404; x_wconf 84' lang='lat' dir='ltr'><strong>de·</strong></span> 
     </span>
     <span class='ocr_line' id='line_1_11' title="bbox 69 1428 1159 1520; baseline 0.004 -22"><span class='ocrx_word' id='word_1_69' title='bbox 69 1431 342 1518; x_wconf 89' lang='lat' dir='ltr'><strong>monstrandaque</strong></span> <span class='ocrx_word' id='word_1_70' title='bbox 362 1429 427 1498; x_wconf 87' lang='lat' dir='ltr'><strong>dici</strong></span> <span class='ocrx_word' id='word_1_71' title='bbox 442 1429 562 1499; x_wconf 74' lang='lat' dir='ltr'><strong>debuib</strong></span> <span class='ocrx_word' id='word_1_72' title='bbox 604 1428 742 1499; x_wconf 82' lang='lat' dir='ltr'><strong>Scilicet</strong></span> <span class='ocrx_word' id='word_1_73' title='bbox 754 1450 821 1500; x_wconf 93' lang='lat' dir='ltr'><strong>non</strong></span> <span class='ocrx_word' id='word_1_74' title='bbox 835 1433 959 1520; x_wconf 89' lang='lat' dir='ltr'><strong>valent,</strong></span> <span class='ocrx_word' id='word_1_75' title='bbox 981 1451 1066 1520; x_wconf 91' lang='lat' dir='ltr'><strong>quae</strong></span> <span class='ocrx_word' id='word_1_76' title='bbox 1079 1441 1159 1502; x_wconf 89' lang='lat' dir='ltr'><strong>ante</strong></span> 
     </span>
     <span class='ocr_line' id='line_1_12' title="bbox 68 1529 1159 1624; baseline 0.002 -24"><span class='ocrx_word' id='word_1_77' title='bbox 68 1541 151 1621; x_wconf 84' lang='lat' dir='ltr'><strong>acto,</strong></span> <span class='ocrx_word' id='word_1_78' title='bbox 171 1551 320 1621; x_wconf 87' lang='lat' dir='ltr'><strong>quaeque</strong></span> <span class='ocrx_word' id='word_1_79' title='bbox 342 1536 522 1600; x_wconf 87' lang='lat' dir='ltr'><strong>consecuta</strong></span> <span class='ocrx_word' id='word_1_80' title='bbox 541 1537 634 1619; x_wconf 89' lang='lat' dir='ltr'><strong>sunt,</strong></span> <span class='ocrx_word' id='word_1_81' title='bbox 656 1529 698 1600; x_wconf 90' lang='lat' dir='ltr'><strong>de</strong></span> <span class='ocrx_word' id='word_1_82' title='bbox 719 1537 865 1620; x_wconf 91' lang='lat' dir='ltr'><strong>tempore</strong></span> <span class='ocrx_word' id='word_1_83' title='bbox 885 1531 1094 1624; x_wconf 78' lang='lat' dir='ltr'><strong>intermedi03</strong></span> <span class='ocrx_word' id='word_1_84' title='bbox 1125 1535 1159 1602; x_wconf 92' lang='lat' dir='ltr'><strong>in</strong></span> 
     </span>
     <span class='ocr_line' id='line_1_13' title="bbox 67 1629 1159 1721; baseline 0 -21"><span class='ocrx_word' id='word_1_85' title='bbox 67 1635 174 1721; x_wconf 90' lang='lat' dir='ltr'><strong>politia</strong></span> <span class='ocrx_word' id='word_1_86' title='bbox 201 1635 289 1700; x_wconf 90' lang='lat' dir='ltr'><strong>enim</strong></span> <span class='ocrx_word' id='word_1_87' title='bbox 318 1629 379 1721; x_wconf 89' lang='lat' dir='ltr'><strong>pro</strong></span> <span class='ocrx_word' id='word_1_88' title='bbox 408 1632 648 1720; x_wconf 80' lang='lat' dir='ltr'><strong>opportunitate</strong></span> <span class='ocrx_word' id='word_1_89' title='bbox 662 1637 774 1719; x_wconf 77' lang='lat' dir='ltr'><strong>,atque</strong></span> <span class='ocrx_word' id='word_1_90' title='bbox 798 1634 937 1700; x_wconf 88' lang='lat' dir='ltr'><strong>utilitate</strong></span> <span class='ocrx_word' id='word_1_91' title='bbox 967 1653 1024 1701; x_wconf 85' lang='lat' dir='ltr'><strong>res</strong></span> <span class='ocrx_word' id='word_1_92' title='bbox 1044 1634 1159 1701; x_wconf 86' lang='lat' dir='ltr'><strong>varias</strong></span> 
     </span>
     <span class='ocr_line' id='line_1_14' title="bbox 67 1731 1158 1821; baseline 0 -21"><span class='ocrx_word' id='word_1_93' title='bbox 67 1732 199 1800; x_wconf 89' lang='lat' dir='ltr'><strong>induunt</strong></span> <span class='ocrx_word' id='word_1_94' title='bbox 227 1735 378 1820; x_wconf 90' lang='lat' dir='ltr'><strong>species,</strong></span> <span class='ocrx_word' id='word_1_95' title='bbox 412 1737 577 1798; x_wconf 86' lang='lat' dir='ltr'><strong>mutantur</strong></span> <span class='ocrx_word' id='word_1_96' title='bbox 605 1737 640 1798; x_wconf 89' lang='lat' dir='ltr'><strong>at</strong></span> <span class='ocrx_word' id='word_1_97' title='bbox 666 1733 858 1821; x_wconf 88' lang='lat' dir='ltr'><strong>miscentur,</strong></span> <span class='ocrx_word' id='word_1_98' title='bbox 894 1731 992 1820; x_wconf 90' lang='lat' dir='ltr'><strong>idque</strong></span> <span class='ocrx_word' id='word_1_99' title='bbox 1006 1731 1158 1802; x_wconf 70' lang='lat' dir='ltr'><strong>‘Aetolos</strong></span> 
     </span>
     <span class='ocr_line' id='line_1_15' title="bbox 65 1830 1159 1921; baseline -0.001 -21"><span class='ocrx_word' id='word_1_100' title='bbox 65 1835 204 1900; x_wconf 83' lang='lat' dir='ltr'><strong>maxime</strong></span> <span class='ocrx_word' id='word_1_101' title='bbox 224 1831 361 1900; x_wconf 86' lang='lat' dir='ltr'><strong>edoctos</strong></span> <span class='ocrx_word' id='word_1_102' title='bbox 381 1833 491 1914; x_wconf 27' lang='lat' dir='ltr'><strong>fuisse,</strong></span> <span class='ocrx_word' id='word_1_103' title='bbox 505 1830 811 1920; x_wconf 85' lang='lat' dir='ltr'><strong>animadvertimus,</strong></span> <span class='ocrx_word' id='word_1_104' title='bbox 841 1834 895 1920; x_wconf 93' lang='lat' dir='ltr'><strong>qui</strong></span> <span class='ocrx_word' id='word_1_105' title='bbox 922 1835 1057 1921; x_wconf 84' lang='lat' dir='ltr'><strong>priunum</strong></span> <span class='ocrx_word' id='word_1_106' title='bbox 1085 1834 1159 1920; x_wconf 93' lang='lat' dir='ltr'><strong>qui·-</strong></span> 
     </span>
     <span class='ocr_line' id='line_1_16' title="bbox 67 1931 1162 2022; baseline 0.002 -24"><span class='ocrx_word' id='word_1_107' title='bbox 67 1932 141 2002; x_wconf 85' lang='lat' dir='ltr'><strong>dem</strong></span> <span class='ocrx_word' id='word_1_108' title='bbox 160 1933 276 2000; x_wconf 83' lang='lat' dir='ltr'><strong>ebdern</strong></span> <span class='ocrx_word' id='word_1_109' title='bbox 305 1951 378 2000; x_wconf 90' lang='lat' dir='ltr'><strong>cum</strong></span> <span class='ocrx_word' id='word_1_110' title='bbox 407 1933 577 2022; x_wconf 84' lang='lat' dir='ltr'><strong>Antigono</strong></span> <span class='ocrx_word' id='word_1_111' title='bbox 608 1950 670 2020; x_wconf 89' lang='lat' dir='ltr'><strong>spe</strong></span> <span class='ocrx_word' id='word_1_112' title='bbox 699 1932 910 1998; x_wconf 86' lang='lat' dir='ltr'><strong>Achaeorum</strong></span> <span class='ocrx_word' id='word_1_113' title='bbox 931 1931 1162 2020; x_wconf 87' lang='lat' dir='ltr'><strong>opprimendo-</strong></span> 
     </span>
     <span class='ocr_line' id='line_1_17' title="bbox 65 2031 1160 2121; baseline -0.002 -19"><span class='ocrx_word' id='word_1_114' title='bbox 65 2054 134 2102; x_wconf 90' lang='lat' dir='ltr'><strong>rum</strong></span> <span class='ocrx_word' id='word_1_115' title='bbox 153 2032 263 2121; x_wconf 89' lang='lat' dir='ltr'><strong>ducti,</strong></span> <span class='ocrx_word' id='word_1_116' title='bbox 283 2055 359 2102; x_wconf 87' lang='lat' dir='ltr'><strong>mox</strong></span> <span class='ocrx_word' id='word_1_117' title='bbox 380 2053 476 2120; x_wconf 92' lang='lat' dir='ltr'><strong>quum</strong></span> <span class='ocrx_word' id='word_1_118' title='bbox 496 2050 613 2120; x_wconf 82' lang='lat' dir='ltr'><strong>regern</strong></span> <span class='ocrx_word' id='word_1_119' title='bbox 633 2031 781 2098; x_wconf 85' lang='lat' dir='ltr'><strong>Achaeis</strong></span> <span class='ocrx_word' id='word_1_120' title='bbox 808 2031 1037 2098; x_wconf 87' lang='lat' dir='ltr'><strong>auxiliaturum</strong></span> <span class='ocrx_word' id='word_1_121' title='bbox 1068 2050 1160 2100; x_wconf 88' lang='lat' dir='ltr'><strong>com·</strong></span> 
     </span>
     <span class='ocr_line' id='line_1_18' title="bbox 67 2131 1162 2226; baseline 0 -28"><span class='ocrx_word' id='word_1_122' title='bbox 67 2135 249 2221; x_wconf 87' lang='lat' dir='ltr'><strong>perissent,</strong></span> <span class='ocrx_word' id='word_1_123' title='bbox 268 2135 300 2200; x_wconf 93' lang='lat' dir='ltr'><strong>ei</strong></span> <span class='ocrx_word' id='word_1_124' title='bbox 320 2131 583 2216; x_wconf 83' lang='lat' dir='ltr'><strong>denunciavere,</strong></span> <span class='ocrx_word' id='word_1_125' title='bbox 604 2149 648 2198; x_wconf 89' lang='lat' dir='ltr'><strong>ne</strong></span> <span class='ocrx_word' id='word_1_126' title='bbox 670 2147 744 2198; x_wconf 92' lang='lat' dir='ltr'><strong>cum</strong></span> <span class='ocrx_word' id='word_1_127' title='bbox 764 2131 913 2226; x_wconf 83' lang='lat' dir='ltr'><strong>exercitu</strong></span> <span class='ocrx_word' id='word_1_128' title='bbox 931 2131 1035 2218; x_wconf 85' lang='lat' dir='ltr'><strong>Pylas</strong></span> <span class='ocrx_word' id='word_1_129' title='bbox 1055 2132 1162 2198; x_wconf 90' lang='lat' dir='ltr'><strong>intra-</strong></span> 
     </span>
     <span class='ocr_line' id='line_1_19' title="bbox 67 2225 1162 2322; baseline 0 -24"><span class='ocrx_word' id='word_1_130' title='bbox 67 2225 136 2322; x_wconf 85' lang='lat' dir='ltr'><strong>ret,</strong></span> <span class='ocrx_word' id='word_1_131' title='bbox 159 2235 213 2300; x_wconf 90' lang='lat' dir='ltr'><strong>sin</strong></span> <span class='ocrx_word' id='word_1_132' title='bbox 233 2235 357 2321; x_wconf 87' lang='lat' dir='ltr'><strong>minus,</strong></span> <span class='ocrx_word' id='word_1_133' title='bbox 388 2236 489 2300; x_wconf 89' lang='lat' dir='ltr'><strong>armis</strong></span> <span class='ocrx_word' id='word_1_134' title='bbox 510 2251 549 2300; x_wconf 92' lang='lat' dir='ltr'><strong>sc</strong></span> <span class='ocrx_word' id='word_1_135' title='bbox 570 2231 658 2298; x_wconf 91' lang='lat' dir='ltr'><strong>illum</strong></span> <span class='ocrx_word' id='word_1_136' title='bbox 678 2232 820 2299; x_wconf 88' lang='lat' dir='ltr'><strong>transitu</strong></span> <span class='ocrx_word' id='word_1_137' title='bbox 838 2229 1059 2318; x_wconf 85' lang='lat' dir='ltr'><strong>prohibituros</strong></span> <span class='ocrx_word' id='word_1_138' title='bbox 1079 2230 1162 2314; x_wconf 89' lang='lat' dir='ltr'><strong>(Po-</strong></span> 
     </span>
     <span class='ocr_line' id='line_1_20' title="bbox 65 2327 1160 2425; baseline 0 -29"><span class='ocrx_word' id='word_1_139' title='bbox 65 2332 127 2420; x_wconf 87' lang='lat' dir='ltr'><strong>lyb.</strong></span> <span class='ocrx_word' id='word_1_140' title='bbox 148 2334 283 2422; x_wconf 77' lang='lat' dir='ltr'><strong>11,ea‚</strong></span> <span class='ocrx_word' id='word_1_141' title='bbox 303 2327 373 2425; x_wconf 61' lang='lat' dir='ltr'><strong>a),</strong></span> <span class='ocrx_word' id='word_1_142' title='bbox 395 2335 497 2421; x_wconf 86' lang='lat' dir='ltr'><strong>satis,</strong></span> <span class='ocrx_word' id='word_1_143' title='bbox 518 2332 651 2422; x_wconf 90' lang='lat' dir='ltr'><strong>opinor,</strong></span> <span class='ocrx_word' id='word_1_144' title='bbox 670 2331 869 2398; x_wconf 85' lang='lat' dir='ltr'><strong>luculentum</strong></span> <span class='ocrx_word' id='word_1_145' title='bbox 888 2330 1076 2399; x_wconf 81' lang='lat' dir='ltr'><strong>inimicitiae</strong></span> <span class='ocrx_word' id='word_1_146' title='bbox 1096 2327 1160 2396; x_wconf 88' lang='lat' dir='ltr'><strong>ad-</strong></span> 
     </span>
     <span class='ocr_line' id='line_1_21' title="bbox 67 2427 1160 2519; baseline -0.002 -21"><span class='ocrx_word' id='word_1_147' title='bbox 67 2450 183 2500; x_wconf 86' lang='lat' dir='ltr'><strong>versus</strong></span> <span class='ocrx_word' id='word_1_148' title='bbox 203 2431 361 2500; x_wconf 88' lang='lat' dir='ltr'><strong>Achaeos</strong></span> <span class='ocrx_word' id='word_1_149' title='bbox 381 2429 626 2519; x_wconf 73' lang='lat' dir='ltr'><strong>innocentum,</strong></span> <span class='ocrx_word' id='word_1_150' title='bbox 655 2449 719 2518; x_wconf 93' lang='lat' dir='ltr'><strong>quo</strong></span> <span class='ocrx_word' id='word_1_151' title='bbox 749 2431 848 2498; x_wconf 88' lang='lat' dir='ltr'><strong>Arati</strong></span> <span class='ocrx_word' id='word_1_152' title='bbox 873 2431 1017 2519; x_wconf 86' lang='lat' dir='ltr'><strong>suspicio</strong></span> <span class='ocrx_word' id='word_1_153' title='bbox 1037 2433 1075 2496; x_wconf 89' lang='lat' dir='ltr'><strong>ct</strong></span> <span class='ocrx_word' id='word_1_154' title='bbox 1087 2427 1160 2496; x_wconf 82' lang='lat' dir='ltr'><strong>Po-</strong></span> 
     </span>
     <span class='ocr_line' id='line_1_22' title="bbox 65 2527 1040 2620; baseline 0 -26"><span class='ocrx_word' id='word_1_155' title='bbox 65 2531 140 2618; x_wconf 85' lang='lat' dir='ltr'><strong>lybii</strong></span> <span class='ocrx_word' id='word_1_156' title='bbox 159 2533 312 2600; x_wconf 88' lang='lat' dir='ltr'><strong>narratio</strong></span> <span class='ocrx_word' id='word_1_157' title='bbox 332 2533 488 2600; x_wconf 85' lang='lat' dir='ltr'><strong>excusari</strong></span> <span class='ocrx_word' id='word_1_158' title='bbox 507 2536 629 2620; x_wconf 80' lang='lat' dir='ltr'><strong>potest</strong></span> <span class='ocrx_word' id='word_1_159' title='bbox 652 2527 742 2600; x_wconf 80' lang='lat' dir='ltr'><strong>&#39;Sed</strong></span> <span class='ocrx_word' id='word_1_160' title='bbox 761 2531 847 2598; x_wconf 93' lang='lat' dir='ltr'><strong>haec</strong></span> <span class='ocrx_word' id='word_1_161' title='bbox 867 2530 1040 2600; x_wconf 89' lang='lat' dir='ltr'><strong>hactenus.</strong></span> 
     </span>
     <span class='ocr_line' id='line_1_23' title="bbox 146 2627 1161 2721; baseline -0.004 -21"><span class='ocrx_word' id='word_1_162' title='bbox 146 2629 346 2700; x_wconf 79' lang='lat' dir='ltr'><strong>Cleomenes</strong></span> <span class='ocrx_word' id='word_1_163' title='bbox 366 2649 468 2721; x_wconf 90' lang='lat' dir='ltr'><strong>vero,</strong></span> <span class='ocrx_word' id='word_1_164' title='bbox 496 2648 689 2720; x_wconf 88' lang='lat' dir='ltr'><strong>quamquam</strong></span> <span class='ocrx_word' id='word_1_165' title='bbox 719 2631 839 2720; x_wconf 87' lang='lat' dir='ltr'><strong>optima</strong></span> <span class='ocrx_word' id='word_1_166' title='bbox 858 2649 968 2698; x_wconf 92' lang='lat' dir='ltr'><strong>rernm</strong></span> <span class='ocrx_word' id='word_1_167' title='bbox 987 2627 1161 2718; x_wconf 82' lang='lat' dir='ltr'><strong>gerenda·</strong></span> 
     </span>
     <span class='ocr_line' id='line_1_24' title="bbox 66 2729 1161 2820; baseline -0.002 -22"><span class='ocrx_word' id='word_1_168' title='bbox 66 2750 223 2798; x_wconf 87' lang='lat' dir='ltr'><strong>rumnon</strong></span> <span class='ocrx_word' id='word_1_169' title='bbox 241 2730 373 2798; x_wconf 88' lang='lat' dir='ltr'><strong>videtur</strong></span> <span class='ocrx_word' id='word_1_170' title='bbox 393 2729 538 2800; x_wconf 85' lang='lat' dir='ltr'><strong>defuisse</strong></span> <span class='ocrx_word' id='word_1_171' title='bbox 559 2733 706 2820; x_wconf 85' lang='lat' dir='ltr'><strong>occasio,</strong></span> <span class='ocrx_word' id='word_1_172' title='bbox 725 2731 806 2798; x_wconf 93' lang='lat' dir='ltr'><strong>nihil</strong></span> <span class='ocrx_word' id='word_1_173' title='bbox 827 2747 867 2798; x_wconf 89' lang='lat' dir='ltr'><strong>eo</strong></span> <span class='ocrx_word' id='word_1_174' title='bbox 887 2735 1034 2817; x_wconf 89' lang='lat' dir='ltr'><strong>tempore</strong></span> <span class='ocrx_word' id='word_1_175' title='bbox 1054 2747 1161 2817; x_wconf 84' lang='lat' dir='ltr'><strong>agere</strong></span> 
     </span>
     <span class='ocr_line' id='line_1_25' title="bbox 65 2829 1160 2920; baseline -0.004 -22"><span class='ocrx_word' id='word_1_176' title='bbox 65 2831 182 2917; x_wconf 78' lang='lat' dir='ltr'><strong>poturit,</strong></span> <span class='ocrx_word' id='word_1_177' title='bbox 212 2831 372 2917; x_wconf 87' lang='lat' dir='ltr'><strong>quoniam.</strong></span> <span class='ocrx_word' id='word_1_178' title='bbox 384 2831 427 2899; x_wconf 90' lang='lat' dir='ltr'><strong>ab</strong></span> <span class='ocrx_word' id='word_1_179' title='bbox 446 2831 611 2920; x_wconf 78' lang='lat' dir='ltr'><strong>Ephoris,</strong></span> <span class='ocrx_word' id='word_1_180' title='bbox 630 2849 675 2899; x_wconf 91' lang='lat' dir='ltr'><strong>nc</strong></span> <span class='ocrx_word' id='word_1_181' title='bbox 694 2831 790 2898; x_wconf 87' lang='lat' dir='ltr'><strong>nimis</strong></span> <span class='ocrx_word' id='word_1_182' title='bbox 809 2847 965 2918; x_wconf 79' lang='lat' dir='ltr'><strong>magnam</strong></span> <span class='ocrx_word' id='word_1_183' title='bbox 985 2829 1048 2896; x_wconf 89' lang='lat' dir='ltr'><strong>sibi</strong></span> <span class='ocrx_word' id='word_1_184' title='bbox 1068 2847 1160 2896; x_wconf 90' lang='lat' dir='ltr'><strong>com-</strong></span> 
     </span>
     <span class='ocr_line' id='line_1_26' title="bbox 66 2925 1160 3020; baseline -0.003 -24"><span class='ocrx_word' id='word_1_185' title='bbox 66 2936 198 3015; x_wconf 89' lang='lat' dir='ltr'><strong>pararet</strong></span> <span class='ocrx_word' id='word_1_186' title='bbox 223 2936 421 3018; x_wconf 83' lang='lat' dir='ltr'><strong>potestatem</strong></span> <span class='ocrx_word' id='word_1_187' title='bbox 445 2932 685 3020; x_wconf 87' lang='lat' dir='ltr'><strong>metuentibus,</strong></span> <span class='ocrx_word' id='word_1_188' title='bbox 713 2936 891 2998; x_wconf 87' lang='lat' dir='ltr'><strong>revocatus</strong></span> <span class='ocrx_word' id='word_1_189' title='bbox 923 2947 968 2995; x_wconf 86' lang='lat' dir='ltr'><strong>ex</strong></span> <span class='ocrx_word' id='word_1_190' title='bbox 1002 2925 1160 3016; x_wconf 64' lang='lat' dir='ltr'><strong>moade,</strong></span> 
     </span>
     <span class='ocr_line' id='line_1_27' title="bbox 66 3029 1160 3124; baseline 0.002 -30"><span class='ocrx_word' id='word_1_191' title='bbox 66 3029 113 3096; x_wconf 92' lang='lat' dir='ltr'><strong>ubi</strong></span> <span class='ocrx_word' id='word_1_192' title='bbox 134 3049 213 3098; x_wconf 91' lang='lat' dir='ltr'><strong>cum</strong></span> <span class='ocrx_word' id='word_1_193' title='bbox 233 3033 393 3098; x_wconf 89' lang='lat' dir='ltr'><strong>trecentis</strong></span> <span class='ocrx_word' id='word_1_194' title='bbox 413 3031 578 3120; x_wconf 88' lang='lat' dir='ltr'><strong>peditibus</strong></span> <span class='ocrx_word' id='word_1_195' title='bbox 599 3031 828 3118; x_wconf 84' lang='lat' dir='ltr'><strong>nonnullisque</strong></span> <span class='ocrx_word' id='word_1_196' title='bbox 858 3031 1020 3124; x_wconf 90' lang='lat' dir='ltr'><strong>equitibus</strong></span> <span class='ocrx_word' id='word_1_197' title='bbox 1046 3036 1160 3096; x_wconf 85' lang='lat' dir='ltr'><strong>castra</strong></span> 
     </span>
     <span class='ocr_line' id='line_1_28' title="bbox 66 3127 1160 3217; baseline -0.004 -20"><span class='ocrx_word' id='word_1_198' title='bbox 66 3137 236 3217; x_wconf 89' lang='lat' dir='ltr'><strong>posuerat,</strong></span> <span class='ocrx_word' id='word_1_199' title='bbox 256 3129 385 3198; x_wconf 89' lang='lat' dir='ltr'><strong>domum</strong></span> <span class='ocrx_word' id='word_1_200' title='bbox 405 3134 580 3200; x_wconf 79' lang='lat' dir='ltr'><strong>concessit</strong></span> <span class='ocrx_word' id='word_1_201' title='bbox 621 3130 689 3200; x_wconf 85' lang='lat' dir='ltr'><strong>Vix</strong></span> <span class='ocrx_word' id='word_1_202' title='bbox 703 3136 811 3196; x_wconf 86' lang='lat' dir='ltr'><strong>autem</strong></span> <span class='ocrx_word' id='word_1_203' title='bbox 824 3127 980 3217; x_wconf 87' lang='lat' dir='ltr'><strong>Spartam</strong></span> <span class='ocrx_word' id='word_1_204' title='bbox 992 3129 1160 3216; x_wconf 86' lang='lat' dir='ltr'><strong>proiectus</strong></span> 
     </span>
     <span class='ocr_line' id='line_1_29' title="bbox 67 3225 1160 3320; baseline -0.001 -26"><span class='ocrx_word' id='word_1_205' title='bbox 67 3237 136 3298; x_wconf 88' lang='lat' dir='ltr'><strong>erat</strong></span> <span class='ocrx_word' id='word_1_206' title='bbox 158 3251 278 3318; x_wconf 91' lang='lat' dir='ltr'><strong>quum,</strong></span> <span class='ocrx_word' id='word_1_207' title='bbox 314 3227 460 3320; x_wconf 80' lang='lat' dir='ltr'><strong>Caphyis</strong></span> <span class='ocrx_word' id='word_1_208' title='bbox 480 3252 541 3320; x_wconf 91' lang='lat' dir='ltr'><strong>per</strong></span> <span class='ocrx_word' id='word_1_209' title='bbox 560 3233 702 3304; x_wconf 87' lang='lat' dir='ltr'><strong>Aratum</strong></span> <span class='ocrx_word' id='word_1_210' title='bbox 722 3231 944 3320; x_wconf 84' lang='lat' dir='ltr'><strong>expugnatis,</strong></span> <span class='ocrx_word' id='word_1_211' title='bbox 971 3247 1087 3294; x_wconf 85' lang='lat' dir='ltr'><strong>rursus</strong></span> <span class='ocrx_word' id='word_1_212' title='bbox 1115 3225 1160 3294; x_wconf 91' lang='lat' dir='ltr'><strong>ad</strong></span> 
     </span>
     <span class='ocr_line' id='line_1_30' title="bbox 67 3320 1161 3423; baseline -0.004 -27"><span class='ocrx_word' id='word_1_213' title='bbox 67 3329 183 3397; x_wconf 88' lang='lat' dir='ltr'><strong>bellum</strong></span> <span class='ocrx_word' id='word_1_214' title='bbox 203 3329 387 3418; x_wconf 78' lang='lat' dir='ltr'><strong>gerendum</strong></span> <span class='ocrx_word' id='word_1_215' title='bbox 414 3331 622 3423; x_wconf 80' lang='lat' dir='ltr'><strong>hlphororum</strong></span> <span class='ocrx_word' id='word_1_216' title='bbox 649 3333 742 3398; x_wconf 91' lang='lat' dir='ltr'><strong>iussu</strong></span> <span class='ocrx_word' id='word_1_217' title='bbox 761 3331 875 3418; x_wconf 91' lang='lat' dir='ltr'><strong>copias</strong></span> <span class='ocrx_word' id='word_1_218' title='bbox 896 3326 1062 3416; x_wconf 73' lang='lat' dir='ltr'><strong>educeret</strong></span> <span class='ocrx_word' id='word_1_219' title='bbox 1087 3320 1161 3406; x_wconf 80' lang='lat' dir='ltr'><strong>Quo</strong></span> 
     </span>
     <span class='ocr_line' id='line_1_31' title="bbox 64 3427 1184 3520; baseline 0 -26"><span class='ocrx_word' id='word_1_220' title='bbox 64 3429 95 3494; x_wconf 90' lang='lat' dir='ltr'><strong>in</strong></span> <span class='ocrx_word' id='word_1_221' title='bbox 114 3427 326 3516; x_wconf 87' lang='lat' dir='ltr'><strong>expeditione</strong></span> <span class='ocrx_word' id='word_1_222' title='bbox 345 3430 565 3520; x_wconf 85' lang='lat' dir='ltr'><strong>Methydrinm</strong></span> <span class='ocrx_word' id='word_1_223' title='bbox 586 3433 803 3520; x_wconf 83' lang='lat' dir='ltr'><strong>expugnavit,</strong></span> <span class='ocrx_word' id='word_1_224' title='bbox 824 3427 1020 3518; x_wconf 83' lang='lat' dir='ltr'><strong>Argolidem</strong></span> <span class='ocrx_word' id='word_1_225' title='bbox 1039 3430 1160 3493; x_wconf 87' lang='lat' dir='ltr'><strong>vasta·</strong></span> <span class='ocrx_word' id='word_1_226' title='bbox 1180 3487 1184 3494; x_wconf 91' lang='lat'>.</span> 
     </span>
     <span class='ocr_line' id='line_1_32' title="bbox 65 3523 1161 3620; baseline 0.001 -27"><span class='ocrx_word' id='word_1_227' title='bbox 65 3530 118 3596; x_wconf 75' lang='lat' dir='ltr'><strong>vit·</strong></span> <span class='ocrx_word' id='word_1_228' title='bbox 164 3529 519 3620; x_wconf 81' lang='lat' dir='ltr'><strong>lunAristonachus,</strong></span> <span class='ocrx_word' id='word_1_229' title='bbox 540 3531 752 3598; x_wconf 85' lang='lat' dir='ltr'><strong>Achaeorum</strong></span> <span class='ocrx_word' id='word_1_230' title='bbox 771 3533 905 3618; x_wconf 86' lang='lat' dir='ltr'><strong>praetor</strong></span> <span class='ocrx_word' id='word_1_231' title='bbox 924 3528 1002 3608; x_wconf 67' lang='grc'><strong>(221</strong></span> <span class='ocrx_word' id='word_1_232' title='bbox 1015 3523 1161 3612; x_wconf 77' lang='lat' dir='ltr'><strong>acin),</strong></span> 
     </span>
     <span class='ocr_line' id='line_1_33' title="bbox 67 3621 1163 3718; baseline -0.003 -22"><span class='ocrx_word' id='word_1_233' title='bbox 67 3645 133 3696; x_wconf 90' lang='lat' dir='ltr'><strong>cum</strong></span> <span class='ocrx_word' id='word_1_234' title='bbox 156 3627 274 3696; x_wconf 84' lang='lat' dir='ltr'><strong>decem</strong></span> <span class='ocrx_word' id='word_1_235' title='bbox 293 3628 436 3718; x_wconf 88' lang='lat' dir='ltr'><strong>peditum</strong></span> <span class='ocrx_word' id='word_1_236' title='bbox 455 3632 596 3703; x_wconf 86' lang='lat' dir='ltr'><strong>millibus</strong></span> <span class='ocrx_word' id='word_1_237' title='bbox 615 3623 818 3715; x_wconf 84' lang='lat' dir='ltr'><strong>millibusque</strong></span> <span class='ocrx_word' id='word_1_238' title='bbox 838 3629 980 3713; x_wconf 88' lang='lat' dir='ltr'><strong>equitum</strong></span> <span class='ocrx_word' id='word_1_239' title='bbox 995 3621 1163 3710; x_wconf 46' lang='lat' dir='ltr'><strong>adversus,</strong></span> 
     </span>
     <span class='ocr_line' id='line_1_34' title="bbox 67 3723 1161 3818; baseline 0 -26"><span class='ocrx_word' id='word_1_240' title='bbox 67 3745 135 3796; x_wconf 87' lang='lat' dir='ltr'><strong>cunr</strong></span> <span class='ocrx_word' id='word_1_241' title='bbox 167 3728 336 3816; x_wconf 87' lang='lat' dir='ltr'><strong>proiectus</strong></span> <span class='ocrx_word' id='word_1_242' title='bbox 366 3736 429 3796; x_wconf 78' lang='lat' dir='ltr'><strong>est</strong></span> <span class='ocrx_word' id='word_1_243' title='bbox 480 3727 543 3812; x_wconf 79' lang='lat' dir='ltr'><strong>Qui</strong></span> <span class='ocrx_word' id='word_1_244' title='bbox 571 3750 668 3818; x_wconf 91' lang='lat' dir='ltr'><strong>quum</strong></span> <span class='ocrx_word' id='word_1_245' title='bbox 678 3727 948 3818; x_wconf 81' lang='lat' dir='ltr'><strong>propriollurte</strong></span> <span class='ocrx_word' id='word_1_246' title='bbox 970 3743 1043 3792; x_wconf 92' lang='lat' dir='ltr'><strong>cum</strong></span> <span class='ocrx_word' id='word_1_247' title='bbox 1063 3723 1161 3793; x_wconf 90' lang='lat' dir='ltr'><strong>hoste</strong></span> 
     </span>
     <span class='ocr_line' id='line_1_35' title="bbox 67 3824 1159 3921; baseline 0.002 -29"><span class='ocrx_word' id='word_1_248' title='bbox 67 3829 165 3896; x_wconf 86' lang='lat' dir='ltr'><strong>multa</strong></span> <span class='ocrx_word' id='word_1_249' title='bbox 186 3829 252 3894; x_wconf 89' lang='lat' dir='ltr'><strong>ianr</strong></span> <span class='ocrx_word' id='word_1_250' title='bbox 271 3829 359 3898; x_wconf 83' lang='lat' dir='ltr'><strong>lerna</strong></span> <span class='ocrx_word' id='word_1_251' title='bbox 380 3829 547 3908; x_wconf 81' lang='lat' dir='ltr'><strong>celebrato</strong></span> <span class='ocrx_word' id='word_1_252' title='bbox 568 3848 714 3921; x_wconf 84' lang='lat' dir='ltr'><strong>pugnam</strong></span> <span class='ocrx_word' id='word_1_253' title='bbox 734 3829 933 3898; x_wconf 87' lang='lat' dir='ltr'><strong>committere</strong></span> <span class='ocrx_word' id='word_1_254' title='bbox 962 3843 1028 3894; x_wconf 90' lang='lat' dir='ltr'><strong>non</strong></span> <span class='ocrx_word' id='word_1_255' title='bbox 1053 3824 1159 3894; x_wconf 89' lang='lat' dir='ltr'><strong>aude-</strong></span> 
     </span>
     <span class='ocr_line' id='line_1_36' title="bbox 67 3925 1158 4016; baseline -0.001 -22"><span class='ocrx_word' id='word_1_256' title='bbox 67 3934 131 4016; x_wconf 85' lang='lat' dir='ltr'><strong>ret,</strong></span> <span class='ocrx_word' id='word_1_257' title='bbox 151 3930 293 3998; x_wconf 85' lang='lat' dir='ltr'><strong>Arahmr</strong></span> <span class='ocrx_word' id='word_1_258' title='bbox 312 3927 356 3996; x_wconf 92' lang='lat' dir='ltr'><strong>ad</strong></span> <span class='ocrx_word' id='word_1_259' title='bbox 376 3947 416 3997; x_wconf 89' lang='lat' dir='ltr'><strong>se</strong></span> <span class='ocrx_word' id='word_1_260' title='bbox 437 3930 657 3996; x_wconf 85' lang='lat' dir='ltr'><strong>arcessivisse</strong></span> <span class='ocrx_word' id='word_1_261' title='bbox 677 3925 813 4013; x_wconf 90' lang='lat' dir='ltr'><strong>dicitur,</strong></span> <span class='ocrx_word' id='word_1_262' title='bbox 844 3926 932 3993; x_wconf 89' lang='lat' dir='ltr'><strong>hunc</strong></span> <span class='ocrx_word' id='word_1_263' title='bbox 952 3931 1080 4012; x_wconf 90' lang='lat' dir='ltr'><strong>antem,</strong></span> <span class='ocrx_word' id='word_1_264' title='bbox 1113 3942 1158 3994; x_wconf 90' lang='lat' dir='ltr'><strong>no</strong></span> 
     </span>
     <span class='ocr_line' id='line_1_37' title="bbox 69 4025 1158 4116; baseline -0.004 -22"><span class='ocrx_word' id='word_1_265' title='bbox 69 4041 138 4094; x_wconf 83' lang='lat' dir='ltr'><strong>cum</strong></span> <span class='ocrx_word' id='word_1_266' title='bbox 168 4026 346 4096; x_wconf 77' lang='lat' dir='ltr'><strong>Gleonene</strong></span> <span class='ocrx_word' id='word_1_267' title='bbox 375 4027 502 4096; x_wconf 90' lang='lat' dir='ltr'><strong>audace</strong></span> <span class='ocrx_word' id='word_1_268' title='bbox 530 4028 726 4116; x_wconf 82' lang='lat' dir='ltr'><strong>magnisque</strong></span> <span class='ocrx_word' id='word_1_269' title='bbox 754 4027 920 4115; x_wconf 90' lang='lat' dir='ltr'><strong>copiarum</strong></span> <span class='ocrx_word' id='word_1_270' title='bbox 940 4025 1064 4092; x_wconf 89' lang='lat' dir='ltr'><strong>viribus</strong></span> <span class='ocrx_word' id='word_1_271' title='bbox 1084 4025 1158 4111; x_wconf 94' lang='lat' dir='ltr'><strong>pol-</strong></span> 
     </span>
     <span class='ocr_line' id='line_1_38' title="bbox 68 4121 1157 4214; baseline 0.002 -27"><span class='ocrx_word' id='word_1_272' title='bbox 68 4121 153 4194; x_wconf 89' lang='lat' dir='ltr'><strong>lente</strong></span> <span class='ocrx_word' id='word_1_273' title='bbox 173 4127 450 4214; x_wconf 83' lang='lat' dir='ltr'><strong>proeliuminiret</strong></span> <span class='ocrx_word' id='word_1_274' title='bbox 469 4128 656 4213; x_wconf 87' lang='lat' dir='ltr'><strong>monuisse,</strong></span> <span class='ocrx_word' id='word_1_275' title='bbox 685 4125 857 4213; x_wconf 89' lang='lat' dir='ltr'><strong>nequead</strong></span> <span class='ocrx_word' id='word_1_276' title='bbox 883 4127 1087 4211; x_wconf 87' lang='lat' dir='ltr'><strong>Palantium,</strong></span> <span class='ocrx_word' id='word_1_277' title='bbox 1113 4126 1157 4189; x_wconf 94' lang='lat' dir='ltr'><strong>li-</strong></span> 
     </span>
     <span class='ocr_line' id='line_1_39' title="bbox 71 4224 1156 4316; baseline 0.004 -28"><span class='ocrx_word' id='word_1_278' title='bbox 71 4231 122 4292; x_wconf 89' lang='lat' dir='ltr'><strong>eet</strong></span> <span class='ocrx_word' id='word_1_279' title='bbox 140 4226 476 4300; x_wconf 79' lang='lat' dir='ltr'><strong>Lacedaemoniorum</strong></span> <span class='ocrx_word' id='word_1_280' title='bbox 495 4228 554 4298; x_wconf 84' lang='lat' dir='ltr'><strong>vix</strong></span> <span class='ocrx_word' id='word_1_281' title='bbox 567 4227 820 4316; x_wconf 90' lang='lat' dir='ltr'><strong>quinquemillia</strong></span> <span class='ocrx_word' id='word_1_282' title='bbox 835 4224 1002 4315; x_wconf 83' lang='lat' dir='ltr'><strong>adessent,</strong></span> <span class='ocrx_word' id='word_1_283' title='bbox 1022 4243 1156 4315; x_wconf 84' lang='lat' dir='ltr'><strong>pugna·</strong></span> 
     </span>
    </p>
   </div>
   <div class='ocr_carea' id='block_1_5' title="bbox 912 4339 953 4410">
    <p class='ocr_par' dir='ltr' id='par_1_5' title="bbox 912 4339 953 4410">
     <span class='ocr_line' id='line_1_40' title="bbox 912 4339 953 4410; baseline 0.049 -2"><span class='ocrx_word' id='word_1_284' title='bbox 912 4339 953 4410; x_wconf 89' lang='lat' dir='ltr'><strong>lt</strong></span> 
     </span>
    </p>
   </div>
   <div class='ocr_carea' id='block_1_6' title="bbox 0 0 1426 4952">
    <p class='ocr_par' dir='ltr' id='par_1_6' title="bbox 0 0 1426 4952">
     <span class='ocr_line' id='line_1_41' title="bbox 0 0 1426 4952; baseline 0 2"><span class='ocrx_word' id='word_1_285' title='bbox 0 0 1426 4952; x_wconf 95' lang='lat' dir='ltr'><strong> </strong></span> 
     </span>
    </p>
   </div>
  </div>
 </body>
</html>
