2844 4952
601 289 949 366 .’.-.168-
1028 285 1049 352 ’.

265 491 339 577 ipse
359 491 475 554 nmrat
494 484 537 553 de
557 484 684 571 Arato,
704 483 812 552 omnia
831 491 944 552 tamen
964 475 1142 568 eiusmodi,
1174 497 1253 568 quac
1264 499 1334 570 pos-

268 589 335 656 sint
354 586 475 655 homini
494 585 542 652 illi
561 585 596 652 in
615 581 745 650 landem
765 582 869 667 verti,
890 579 970 646 nihil
989 597 1094 667 vcro,
1126 577 1211 646 unde
1237 599 1334 668 perso-

267 707 342 754 nam
363 689 405 754 ab
426 692 565 772 utraque
584 687 679 773 parte
700 697 899 770 cognoscas

351 787 553 875 Aggressus
573 780 693 850 deinde
713 789 767 850 est
788 778 984 864 Cleomenes
1008 779 1204 867 Langonem
1232 798 1258 844 s.
1280 779 1336 846 ha-

181 960 183 966 ,
269 887 395 952 sionem
415 885 552 970 (Mansa
572 885 594 949 l.
616 900 645 949 c.
665 881 729 970 lll,
748 885 779 946 1.
799 901 830 968 p.
842 881 917 946 ala
937 879 981 946 Ν.
1002 879 1086 946 Plut.
1101 875 1222 947 Cleom
1236 896 1262 943 c
1279 873 1337 966 lt)

139 999 141 1009 ·
268 985 463 1073 llyperbata
489 985 664 1052 etiamnum
692 986 847 1071 praetore
873 977 979 1073 (Plut.
1012 977 1136 1046 Cleom.
1165 996 1193 1044 c.
1213 979 1259 1044 14.
1276 978 1335 1044 coll.

269 1077 369 1151 Arat'
387 1102 415 1150 c.
436 1079 533 1169 AC),
555 1078 640 1168 quod
661 1079 811 1168 oppidum
841 1079 989 1168 expulsis
1018 1079 1224 1158 Achaeorum
1249 1077 1337 1144 oxul-

270 1184 336 1266 bus
352 1184 447 1251 Eleis
467 1175 636 1250 restituit.¹

113 1343 117 1358 .
249 1360 252 1366 ,
352 1284 439 1350 Ηῑιι
458 1284 560 1372 igitur
579 1280 808 1368 Ptolemaeus,
828 1279 978 1370 Aegypti
998 1297 1078 1368 rex,
1100 1297 1196 1365 quum
1213 1282 1263 1346 tut
1277 1281 1338 1343 tan-

269 1384 376 1470 tisque
398 1381 544 1448 cladibus
565 1384 700 1448 affectos
721 1377 1032 1468 videretAchaeos,
1046 1377 1213 1448 Cleomeni
1225 1375 1265 1443 ad
1277 1377 1340 1444 belli

268 1503 361 1549 usum
382 1484 575 1551 necessaria
596 1499 744 1568 quaeque
764 1477 976 1570 suppeditare
997 1482 1116 1568 coepit,
1136 1481 1338 1567 quoniamnec

269 1600 400 1669 semper
419 1585 454 1650 in
474 1583 615 1650 amicitia
635 1583 781 1648 retinere
800 1600 840 1648 se
869 1600 970 1669 posse
996 1581 1206 1648 Achaeorum
1224 1584 1338 1669 genten

269 1683 443 1770 sperabat,
464 1687 499 1750 et
518 1683 674 1750 maiorem
695 1683 729 1748 in
750 1679 928 1749 Cleomene
949 1697 1045 1768 quam
1065 1681 1173 1748 Arato
1186 1687 1339 1766 exspecta-
1378 1687 1390 1764 'l

269 1782 389 1848 tionem
410 1779 453 1847 ad
479 1779 685 1870 impedienda
708 1778 926 1850 Macedoniae
952 1798 1069 1870 regum
1096 1779 1233 1848 consilia
1254 1795 1338 1866 pone·
1390 1781 1391 1840 l

269 1880 328 1948 ιιι
347 1878 484 1974 (Polyb.
504 1882 560 1969 11,
580 1883 641 1969 ιι,
660 1884 690 1945 1.
711 1877 778 1973 ι..)
1391 1873 1392 1922 l

352 1981 482 2048 Achaei
503 1999 585 2049 vero
605 1984 653 2048 ita
672 1987 751 2048 sunt
770 1981 823 2050 his
844 1979 991 2048 cladibus
1011 1981 1154 2068 turbati,
1173 1981 1394 2100 utlagatus
1392 1968 1393 2026 l

269 2079 315 2148 ad
335 2079 545 2151 Cleomenem
564 2083 750 2199 mitterent,
770 2093 888 2170 regem
906 2087 944 2148 ut
956 2082 1072 2170 Argos
1085 2081 1216 2150 veniret
1229 2060 1395 2196 adCyl-

268 2183 399 2249 larabin
418 2184 626 2272 gymnamnm
644 2179 752 2298 [Plut.
772 2183 868 2248 Arat
889 2152 1395 2250 o.8u.cloom.o.1a1lv
1395 2246 1396 2274 ¹

269 2281 449 2370 XXXIV,
470 2286 522 2348 aa.
542 2303 610 2350 non
631 2283 680 2359 εἰς
699 2275 857 2367 Λέρναν,
884 2287 920 2348 ut
944 2281 1029 2350 Plut
1050 2279 1175 2350 Cleom.
1196 2300 1223 2348 c.
1244 2277 1339 2346 lbibi
1396 2338 1397 2378 ,

205 2453 208 2458 ,
267 2382 354 2448 enim
387 2381 451 2449 illis
464 2382 679 2480 temporibus
710 2399 874 2468 nunquam
910 2381 1044 2449 habitus
1071 2389 1127 2450 est
1155 2383 1339 2451 Achaeorum
1397 2432 1398 2460 ,

269 2469 477 2570 conventus)
498 2481 607 2568 ibique
626 2501 784 2547 summum
813 2479 1024 2548 Achaeorum
1045 2482 1266 2571 capesseret'
1256 2497 1340 2566 mpe-

268 2582 384 2668 mum,
380 2581 606 2669 Hyperbatas
627 2581 713 2648 enim
739 2585 898 2668 praetura
920 2579 1067 2648 abiturus
1088 2588 1181 2670 erat,
1207 2581 1341 2649 mnatr-

267 2701 336 2748 ros.
387 2676 457 2746 Sed
489 2679 699 2748 Cleomenem
725 2679 769 2746 ad
800 2681 946 2748 Lernam
980 2688 1094 2748 castra
1124 2685 1188 2748 iam
1208 2680 1342 2798 posuisse

270 2799 367 2867 quum
387 2777 569 2848 audivisset
588 2781 716 2848 Aratus
734 2782 852 2848 iterum
872 2780 996 2870 legatis
1017 2780 1062 2848 ad
1078 2801 1154 2850 enm
1173 2782 1277 2848 missis
1294 2796 1342 2866 po-

269 2881 424 2966 stulavit,
460 2881 530 2947 eius
552 2881 638 2948 euim
659 2874 701 2947 τὸ
724 2883 798 2948 πᾶν
824 2864 867 2971 ἧι
888 2875 1019 2969 κράτος
1046 2901 1084 2950 au
1115 2891 1189 2960 τοῖς
1210 2881 1341 2966 Ἀχαιοῖς

270 2976 378 3068 (Plut.
354 2975 521 3046 t.Cleom
543 2982 594 3045 15.
615 2980 710 3046 Arat.
730 2975 821 3071 88),
846 2985 883 3048 ut
904 2997 977 3048 cum
990 2983 1151 3050 trecentis
1164 2977 1341 3050 tantunmi·

268 3075 379 3144 hollos
399 3077 527 3166 fideque
546 3097 608 3168 per
628 3077 761 3147 obsides
775 3079 903 3148 firmata
923 3087 1079 3168 tanquam
1096 3080 1142 3148 ad
1161 3083 1278 3149 amicos
1295 3097 1341 3144 so-

193 3235 196 3246 .
270 3177 405 3263 ciosque
425 3181 565 3247 veniret.
607 3169 804 3250 Cleomenes
823 3185 932 3250 antem
952 3181 1010 3249 vel
1035 3181 1228 3272 indignatus
1246 3181 1342 3269 postu·

124 3309 129 3318 =
270 3277 360 3378 lata,
381 3280 454 3366 vel,
485 3297 570 3366 quae
590 3279 719 3366 quidem
738 3283 851 3350 verior
870 3279 1002 3350 videtur
1021 3284 1187 3370 narratio,
1215 3281 1267 3348 illo
1285 3280 1342 3366 ipso

269 3383 418 3467 tempore
438 3383 613 3470 sanguinis
633 3379 803 3449 reiiciendi
821 3381 935 3450 morbo
955 3381 1063 3450 subito
1091 3381 1261 3472 inpeditus
1286 3377 1343 3445 la·

270 3477 503 3548 cedaemonem
538 3483 713 3550 concessit
772 3479 833 3550 Sic
859 3483 1066 3572 ,interpretor
1099 3481 1250 3551 diversas
1283 3475 1344 3543 illas

267 3577 437 3646 Plutarchi
456 3583 667 3650 narrationes
686 3585 721 3649 in
740 3579 936 3650 vitCleom.
958 3599 988 3648 c.
1008 3585 1060 3648 15
1081 3589 1116 3650 et
1134 3585 1187 3666 17.
1208 3585 1241 3648 et
1251 3581 1284 3644 in
1296 3574 1343 3641 vic

270 3677 366 3744 Arat.
396 3698 425 3745 c.
450 3683 503 3746 89.
549 3682 669 3768 Neque
695 3681 813 3750 deerat
840 3699 977 3769 caussa,
1008 3700 1069 3750 cur
1087 3682 1143 3750 illo
1163 3680 1343 3770 potissimum

267 3780 413 3864 tempore
433 3781 539 3848 Arato
560 3787 776 3880 succenseret
789 3779 999 3870 Cleomenes,
1019 3783 1111 3849 cuins
1124 3784 1159 3851 in
1173 3783 1243 3849 vita
1255 3772 1344 3844 omnl-

271 3895 315 3942 no
356 3877 617 3947 animadversum
649 3900 718 3948 non
752 3889 821 3969 est,
864 3882 984 3997 quasi
992 3877 1172 3948 maledictis
1202 3870 1344 3946 delectari

135 3971 140 3982 '
269 3975 449 4064 potuisset,
470 3995 661 4065 quamquam
682 3981 727 4046 ab
746 3979 844 4048 Arati
864 3982 972 4050 animo
992 3981 1073 4048 talia
1092 4000 1160 4050 non
1179 3979 1343 4046 colonen

269 4073 474 4160 antiquorum
501 4078 694 4165 scriptorum
722 4080 930 4149 narrationes
957 4077 1201 4170 demonstrant,
1231 4061 1343 4143 Aratus

269 4174 373 4263 enim,
394 4167 448 4262 q'ui
467 4177 576 4265 palam
597 4195 669 4248 curn
682 4197 768 4272 rege
786 4179 945 4272 congredi
958 4199 1025 4252 non
1038 4185 1113 4252 erat
1133 4197 1242 4264 ausus,
1262 4188 1343 4260 lull·
