2842 4950
700 271 876 370 4272
928 329 979 346 --

290 487 333 556 de
353 483 510 556 Corintho
530 481 710 580 sollicitus,
740 486 894 574 optimum
918 489 1012 554 ratuus
1037 485 1157 558 Nabidi
1175 503 1240 556 eam
1255 487 1340 562 hoce-

291 587 532 656 daemoniorum
562 590 704 672 tyraum
734 587 826 654 velut
852 584 1054 655 fiduciariam
1079 585 1174 676 dare,
1200 595 1231 656 ut
1251 593 1341 658 victori

214 734 218 744 ,
291 677 355 754 ‘sihi
375 688 584 777 restitueret,
614 686 645 750 si
665 683 742 771 quid
761 683 898 754 adversi
916 685 1110 776 accidisset,
1135 689 1202 776 ipse
1226 688 1340 770 haberet

290 786 448 872 Philocli,
469 787 523 872 qui
544 782 701 853 Corintho
721 783 893 874 Argisque
911 793 1084 874 praeerat,
1111 787 1233 875 scribit,
1257 794 1287 854 ut
1301 795 1341 875 ty-

290 877 429 952 ranuum
448 886 520 974 ipse
541 885 758 954 conveniret·
784 885 963 972 Philocles,
977 891 1203 976 praeterquam
1215 885 1341 974 quodiam

290 985 447 1053 veniebat
468 1002 541 1050 cum
560 1002 695 1052 munere
724 981 836 1051 adiicit
863 983 907 1051 ad
926 986 1049 1074 pignus
1068 987 1194 1054 futurae
1211 987 1276 1076 regi
1292 1004 1342 1051 cun

291 1090 434 1173 tyrmmo
454 1084 632 1172 amicitiae,
659 1083 745 1150 lilios
771 1101 851 1151 suas
878 1102 995 1172 regem
1014 1083 1154 1152 Nabidis
1172 1085 1241 1171 liliis
1257 1087 1341 1151 natri-

290 1188 404 1253 monio·
420 1186 623 1274 coniungere
642 1184 741 1250 velle.
782 1184 959 1272 Tyrannus
990 1186 1094 1272 primo
1114 1203 1251 1275 negare,
1273 1185 1342 1250 ahter
1392 1229 1393 1258 ,

266 1293 272 1320 ²
291 1285 405 1353 urbem
426 1303 500 1352 eam
519 1304 559 1352 se
579 1289 810 1372 accepturum,
840 1285 905 1352 nisi
934 1285 1137 1375 Argivorum
1160 1287 1287 1374 ipsorum
1301 1282 1344 1349 do·
1392 1299 1393 1314 ¹

119 1445 121 1456 .
155 1443 159 1452 ,
293 1391 385 1454 creto
408 1387 590 1452 arcessitus
611 1381 654 1450 ad
674 1383 828 1450 auxilium
847 1383 938 1451 urbis
959 1389 1076 1477 esset,
1104 1385 1231 1473 deinde,
1253 1389 1283 1450 ut
1296 1383 1343 1448 irc·

292 1486 404 1572 quenti
433 1487 592 1552 concione
620 1503 689 1550 non
718 1489 917 1571 aspernatos
944 1483 1057 1574 modo,
1092 1485 1153 1553 sed
1183 1485 1344 1552 abominatos

293 1586 392 1652 etiam
418 1602 537 1652 nomen
567 1583 701 1671 tyranni
730 1581 876 1672 audivit,
909 1601 1062 1651 caussam
1087 1603 1127 1652 se
1146 1580 1290 1673 spoliandi
1304 1599 1344 1646 eos

292 1681 425 1752 nactum
444 1689 558 1771 ratus,
577 1681 729 1772 tradere,
748 1683 804 1751 ubi
823 1685 943 1771 vellet,
963 1683 1078 1751 urbem
1091 1680 1343 1754 Philoclemiussit

232 1849 235 1858 ,
292 1784 403 1852 Nocte
432 1784 563 1873 guaris
594 1783 742 1852 omnibus
767 1787 981 1872 acceptns'in
1001 1783 1118 1853 urbem
1136 1790 1189 1852 est
1206 1789 1344 1871 warum,

292 1885 397 1974 prima
428 1883 504 1950 luce
540 1888 680 1972 occupat
713 1885 885 1972 superiora
918 1884 1028 1952 omnia
1062 1885 1162 1973 loca,
1204 1887 1344 1971 portaeque

265 2027 267 2032 -
294 1985 438 2052 clausae.
479 1984 600 2054 Paucis
620 1983 800 2072 principum
819 1985 988 2052 tumultum
1006 1979 1345 2074 interprimumelapsis,

295 2105 407 2155 eorum
436 2075 621 2152 absentium
648 2084 799 2172 direptae
827 2080 999 2177 loitunae3‘
1025 2088 1248 2174 praesentibus
1265 2097 1346 2148 auum

24 2161 26 2164 ⁵
158 2261 159 2266 ,
294 2193 393 2274 atque
420 2193 596 2276 argentum
623 2186 783 2278 ablatum,
820 2187 980 2274 pecuniae
1012 2187 1194 2273 imperatae
1218 2185 1346 2273 ingentes.

173 2313 179 2318 ’
294 2283 357 2368 Qui
377 2307 444 2356 non
465 2292 660 2363 cunctanter
689 2287 858 2353 contulere
887 2286 960 2352 sine
976 2287 1181 2353 'contumelia
1199 2290 1231 2352 et
1247 2283 1346 2348 locara-

292 2389 382 2454 tione
403 2405 573 2474 corporum
593 2391 670 2452 sunt
690 2385 834 2477 dimissi,
859 2403 941 2472 quos
961 2369 1118 2455 occulere
1138 2389 1194 2454 aut
1211 2379 1345 2450 retrahere
1394 2419 1395 2436 ,

294 2485 414 2572 ahquid
439 2486 587 2574 suspicio
613 2486 688 2573 luit,
720 2487 764 2564 in¹
785 2484 1099 2554 servilemmodum
1125 2483 1255 2552 lacerati
1277 2483 1346 2562 atque

174 2597 177 2604 ’
294 2586 424 2653 extorti.
466 2583 633 2653 Concionc
653 2583 730 2652 iude
749 2583 912 2654 advocata
932 2589 1140 2676 rogationem
1158 2575 1348 2674 promulgavit

221 2733 223 2738 -
293 2704 392 2753 umam
412 2684 455 2753 de
475 2687 596 2754 tabulis
616 2687 728 2774 novis,
748 2686 886 2754 alteram
906 2683 949 2753 de
962 2703 1048 2776 agro
1061 2685 1182 2754 viritim
1194 2671 1347 2759 dudeudq

293 2784 490 2954 {gandenses
509 2784 705 2853 novantibus
726 2803 783 2852 res
803 2781 847 2852 ad
866 2786 995 2874 plebem
1013 2787 1049 2854 in
1071 2787 1240 2874 optimates
1252 2781 1347 2845 'mco-

377 2983 556 3070 Pustquam
581 2986 616 3052 in
643 2989 827 3084 postestate
852 2961 1055 3075 Argivorum
1075 2959 1199 3052 ciuitas*
1212 2983 1277 3049 erat
1292 2968 1348 3040 nihl
1395 2955 1396 2958 ¹

295 3086 366 3153 cius
379 3101 509 3167 ,memor
528 3092 709 3170 tyrannus,
739 3101 762 3149 a
792 3101 856 3170 quo
885 3103 958 3152 eam
991 3082 1159 3153 civitatem
1183 3087 1216 3150 et
1235 3069 1349 3166 quamil

231 3178 235 3186 ⁴
296 3182 511 3251 conditionem
532 3183 736 3270 accepisset,
764 3182 898 3272 legatos
917 3183 1062 3252 Elatiam
1083 3184 1128 3251 ad
1148 3179 1313 3264 Quinctium
1326 3169 1352 3232 tl.

296 3285 443 3351 Attalum
476 3281 631 3372 Aeginae
672 3283 901 3352 hibernantem
934 3286 1051 3373 mittit,
1095 3285 1150 3372 qui
1181 3271 1349 3350 noiomo

294 3385 410 3473 Argos
430 3384 465 3448 in
485 3387 669 3471 postestate
688 3397 751 3448 sua
770 3400 868 3474 esse,
892 3401 932 3449 eo
953 3385 984 3450 si
1003 3384 1134 3474 veniret
1154 3361 1350 3462 Qumctimal

296 3483 507 3572 colloquium,
526 3503 594 3550 non
614 3481 781 3571 diffidere,
807 3483 878 3550 sibi¹
891 3484 998 3550 omnia
1018 3501 1092 3550 eum
1112 3501 1152 3550 eo
1173 3478 1351 3548 conventura

295 3580 483 3670 Quinctius,
517 3588 555 3650 ut
588 3601 631 3650 eo·
664 3601 791 3670 quoque
824 3581 990 3670 praesidio
1022 3583 1201 3672 Philippum
1232 3571 1351 3649 mulnet

292 3701 391 3767 quum
418 3683 593 3750 annuisset
621 3688 879 3770 seveuturum,
907 3683 1004 3751 mittit
1031 3682 1075 3749 ad
1095 3681 1254 3764 Attalum,
1279 3676 1308 3738 ut
1322 3661 1351 3730 lb

294 3782 429 3867 Aegina
443 3779 620 3868 Sicyonem
633 3781 696 3850 sibi
709 3792 914 3874 occurreret,
933 3785 1006 3872 ipse
1025 3783 1068 3850 ab
1089 3782 1249 3867 Anticyra
1265 3770 1351 3837 oecon

229 3920 241 3941 ,
295 3879 590 3968 quinqueremibus,
619 3898 702 3968 quas
722 3883 764 3949 iis
790 3881 881 3950 lorte'
899 3884 981 3974 ipsis
1011 3881 1125 3950 diebus
1151 3881 1190 3948 h.
1214 3865 1352 3956 Qomctilt

293 3978 494 4045 hetereius
526 3975 713 4049 adduxerat
740 3995 786 4048 ex*
815 3975 962 4050 hibernis
976 4001 978 4008 ’
992 3979 1186 4069 Corcyrae,
1207 3971 1352 4060 sicyonem

254 4095 258 4108 ·
288 4069 484 4146 aerumnoso.
525 4081 597 4147 rom
621 4081 666 4148 ror
685 4082 819 4149 ocolus
845 4071 937 4174 erog
968 4085 1022 4168 qur
1047 4099 1142 4169 quun
1167 4053 1351 4164 orsmari

294 4177 475 4256 &manum
492 4179 740 4272 inperatorem,
760 4182 989 4254 uonbomauo
1002 4161 1352 4270 supramemoratum
