2844 4952
464 381 741 456 -229-

85 569 219 638 Aetolico
239 567 373 635 finiendo
393 568 478 636 bello
498 577 616 659 actum,
636 591 680 642 ne
702 587 822 639 caussa
843 579 900 643 aut
919 576 1074 646 Romanis
1089 587 1146 650 aut
1247 623 1249 628 -

84 671 185 736 Attalo
203 667 339 736 intrandi
358 667 531 736 Graeciam
557 677 658 738 esset.
708 669 779 740 Sed
809 691 851 742 ea
881 679 986 745 omnia
1012 678 1147 748 vixdum

83 769 266 840 induciarum
286 777 428 858 tempore
450 762 646 839 circumacto
661 773 772 840 Aetoli
785 775 963 846 turbavere
974 775 1147 868 postquam

82 875 111 934 ct
128 870 265 939 Attalum
284 870 447 958 Aeginam
467 872 601 936 venisse
623 875 658 936 et
677 869 857 938 Romanam
883 875 1024 944 classem
1054 887 1148 950 stare

81 969 116 1033 ad
129 969 324 1060 Naupactum
337 969 501 1037 audivere.
526 969 644 1039 Vocati
659 972 744 1037 enim
757 973 792 1038 in
806 974 976 1043 concilium
990 978 1147 1049 Achaeo·

80 1089 158 1157 mm,
178 1072 211 1137 iri
231 1089 291 1159 qno
312 1071 445 1138 eaedem
463 1071 651 1160 legationes
678 1077 792 1158 erant,
819 1088 904 1158 quae
931 1073 975 1140 ad
1003 1077 1149 1148 Phalara
1221 1077 1224 1084 ⁴

81 1174 209 1252 egerant
227 1169 269 1237 de
287 1185 387 1258 pace,
407 1171 540 1258 primum
562 1171 668 1258 questi
682 1175 759 1238 sunt
773 1169 932 1257 quaedam
944 1191 1051 1262 parva
1065 1196 1149 1246 con-

79 1269 125 1331 tra
136 1257 233 1340 *fidem
252 1269 475 1338 conventionis
495 1276 642 1358 tempore
666 1268 866 1337 induciarum
885 1271 976 1340 sacta
1000 1271 1148 1367 [Philip-

79 1385 144 1453 pum
163 1369 391 1459 'lhermopylas
412 1371 454 1438 ab
468 1370 596 1440 Aetolia
610 1369 837 1458 negligentius
853 1372 1033 1441 custoditas
1047 1375 1148 1446 ador-

79 1469 228 1535 tnm'essc
247 1476 360 1536 narrat
379 1471 556 1538 Prontinus
576 1466 779 1556 Strategem.
793 1469 821 1556 l,
841 1473 872 1558 4,
894 1473 961 1560 6.),
981 1478 1147 1560 postremo

80 1573 230 1647 negamnt
248 1567 349 1634 dirimi
369 1569 487 1636 bellum
506 1588 627 1657 posse,
648 1567 713 1633 nisi
731 1567 909 1635 Messeniis
930 1572 1058 1641 Achaei
1079 1574 1149 1661 Py-

80 1661 135 1728 lum
153 1665 339 1757 redderent,
364 1669 521 1736 Romanis
542 1669 772 1736 restitueretur
792 1668 978 1758 Atintania,
1008 1669 1148 1740 Scerdi-

80 1762 164 1831 laedo
183 1772 216 1834 ct
235 1767 404 1856 Pleurato,
425 1767 633 1837 Scerdilaedi
652 1766 718 1834 tilio
737 1763 958 1859 (Liv.xxx1,
978 1767 1061 1864 Aa),
1077 1773 1148 1840 Ar-

80 1862 171 1950 dyaei.
210 1869 384 1938 Enimvero
410 1868 579 1958 indignum
599 1871 692 1932 ratus
711 1865 881 1956 Philippus
900 1871 1009 1939 victos
1028 1859 1149 1939 victori

16 1985 18 1992 ’
80 1964 133 2029 sibi
151 1966 232 2034 ultro
253 1967 453 2038 conditiones
477 1969 584 2055 serre,
616 1984 661 2032 ne
686 1972 787 2032 antea
813 1966 940 2052 quidem
967 1988 1006 2036 se
1027 1975 1084 2036 ant
1104 1969 1147 2036 de

16 2077 17 2080 ’
80 2065 313 2154 proscidisse,
342 2075 398 2136 aut
417 2067 566 2136 inducias
586 2065 773 2154 pepigisse,
800 2065 897 2161 dixit,
927 2088 1017 2158 spem
1047 2071 1147 2136 ullam

80 2162 237 2234 habentem
256 2169 419 2254 quieturos
439 2170 599 2253 Aetolos,
629 2162 689 2231 sed
719 2169 890 2234 utomnes
910 2170 1020 2237 socios
1040 2175 1147 2238 testes

79 2261 219 2352 haberet,
238 2285 276 2334 sc
295 2271 402 2356 pacis,
429 2269 503 2336 illos
524 2267 602 2334 belli
623 2281 777 2332 caussam
798 2268 979 2352 quaesisse.
1006 2264 1147 2362 (blitum

79 2377 149 2430 sana
168 2368 292 2450 quantis
311 2368 479 2456 Polybium
493 2367 633 2434 cumulet
645 2365 772 2433 iniuriis
794 2365 906 2432 Lucas
927 2367 948 2432 l.
964 2385 993 2433 c
1009 2389 1040 2455 p.
1055 2367 1144 2451 118.)

149 2464 199 2529 lta
224 2465 341 2534 intecta
370 2486 455 2556 pace
481 2465 651 2535 concilium
676 2461 797 2530 dimisit
827 2470 979 2550 quattuor
1005 2465 1145 2533 militas
1272 2517 1278 2522 .
1405 2453 1406 2458 ’

78 2563 256 2650 amatorum
276 2569 398 2634 relictis
419 2565 462 2634 ad
491 2565 688 2654 praesidium
714 2563 924 2631 Achaeorum
948 2569 982 2630 et
1004 2564 1145 2649 quinque
1177 2586 1179 2592 ¹
1287 2627 1299 2650 ,

78 2657 175 2747 longis
193 2666 331 2733 navibus
350 2669 506 2756 acceptis.
553 2667 631 2754 ipsc
661 2664 702 2730 ab
729 2681 770 2730 eo
793 2663 931 2730 concilio
951 2663 1067 2750 Argos
1088 2679 1146 2726 re-

77 2777 217 2848 gressus,
245 2765 307 2831 iem
332 2767 640 2842 enimNemeon-um
674 2762 851 2848 appetebat
880 2767 1026 2849 tempus,
1061 2777 1145 2846 quae

78 2858 224 2927 celebrari
252 2861 385 2933 dolebat
420 2863 610 2955 praesentia
647 2879 710 2928 sua
739 2858 875 2955 (Polyb.
904 2862 967 2949 X,
984 2863 1036 2926 aa.
1070 2860 1144 2928 Liv.

76 2956 197 3047 nnvn,
215 2963 264 3028 ao.

148 2958 308 3149 occupabo
328 3085 413 3154 rege
433 3069 594 3154 apparatu
619 3061 767 3129 ludorum
794 3066 829 3128 et
856 3079 917 3149 per
942 3060 1014 3128 dies
1039 3060 1144 3128 festos

77 3151 229 3245 licentius,
251 3180 345 3250 qnam
364 3167 464 3245 inter¹
478 3165 554 3233 belli
574 3169 743 3249 tempora,
778 3163 963 3230 remittente
997 3161 1147 3246 animum,

76 3250 108 3314 P.
134 3251 288 3344 Sulpicius
317 3265 358 3330 ab
385 3265 560 3352 Naupacto
588 3263 754 3350 proiectus
780 3260 924 3327 classem
943 3261 1067 3346 appulit
1086 3255 1146 3323 Si-

77 3365 200 3434 ‘lenm
228 3365 262 3426 et
287 3359 477 3430 Corinthum
507 3377 690 3452 agrumque
721 3359 941 3428 nobilissimae
968 3357 1147 3424 fertilitatis

76 3449 167 3516 effuse
184 3463 335 3528 vastavit.
377 3462 481 3528 Panna
501 3463 571 3528 eius
591 3461 641 3526 rei
660 3457 842 3547 Philippum
861 3457 904 3524 ab
924 3455 1010 3521 ludis
1023 3455 1147 3522 excivit

75 3549 238 3638 raptimque
255 3575 327 3624 cnm
347 3559 491 3644 equitatu
510 3559 676 3647 proiectus
696 3557 796 3624 iussis
817 3555 971 3640 subsequi
984 3551 1147 3641 peditibus

32 3637 41 3659 '
75 3645 190 3727 palatos
209 3659 330 3740 passim
349 3676 410 3744 per
430 3675 533 3746 agros
553 3673 744 3746 gravesque
764 3653 910 3743 praeda,
938 3660 973 3722 ut
994 3655 1048 3741 qui
1067 3653 1148 3726 nihil
1225 3703 1230 3712 ,

76 3743 135 3808 tale
152 3757 343 3842 metuerent,
365 3753 499 3823 adortus
512 3755 679 3823 Romanos
693 3755 847 3842 compulit
859 3754 894 3820 iu
906 3771 1023 3821 naves.
1046 3751 1146 3822 Clas-

75 3842 116 3905 sis
134 3845 275 3919 Romana
295 3853 542 3941 haudquaquam
562 3856 651 3920 laeta
671 3853 796 3944 pracda
812 3853 1020 3941 Naupactum
1041 3853 1146 3921 rediit.

75 3938 206 4032 Philippo
226 3969 351 4039 quoqne
379 3953 544 4038 ludorum,
572 3955 626 4038 qni
645 3954 761 4040 reliqui
782 3960 893 4038 erant,
922 3955 1146 4022 celebritatem
1185 4015 1189 4022 .

76 4049 345 4140 quantaecunque,
374 4052 417 4120 de
437 4053 595 4118 Romanis
615 4056 735 4138 tamem
758 4054 916 4119 victoriae
931 4059 1047 4140 partae
1061 4051 1147 4116 tama
1248 4114 1253 4124 ,

76 4151 210 4231 auxerat,
230 4150 414 4239 laetitiaque
429 4153 555 4237 ingenti
570 4150 729 4218 celebrati
743 4152 818 4218 festi
831 4151 902 4219 dies
923 4153 1009 4235 (Liv.
1021 4146 1145 4232 xxvii,

75 4232 245 4320 31,·1-4.
266 4247 387 4337 Polyb:
400 4256 446 4342 X,
467 4253 527 4336 26,
549 4243 609 4340 1.].
723 4293 732 4308 ·
