2902 4956
589 312 981 430 ..250-

286 555 339 617 tur
363 549 398 620 in
427 544 590 634 Argolide
610 543 747 612 Hrasini
767 547 897 614 nomine
926 541 1048 638 (Paua
1070 543 1171 632 vill,
1197 545 1250 610 η
1269 537 1392 626 Strab.

286 651 308 714 l.
323 665 352 716 c.
366 668 398 735 p.
411 641 516 736 aaa).
549 644 771 713 Callisthenes
792 644 969 733 descripsit
986 642 1255 731 quenadmodum
1268 643 1395 710 Helice
1440 683 1441 694 κ

287 747 443 833 Buraque
462 763 594 812 mersae
607 747 674 812 sint
691 747 726 812 in
743 741 955 836 Ἑλληνικῶν
970 747 1077 840 aliquo
1090 747 1175 814 loeo.
1187 741 1260 838 (Gi.
1275 739 1394 810 Wes-

287 849 348 916 sel.
371 845 414 912 ad
433 843 530 913 Diod.
553 843 640 930 XV,
658 846 711 908 48
739 842 874 912 Seneca
894 847 929 912 in
949 843 989 927 Q.
1011 845 1055 911 N.
1075 843 1143 933 Vl,
1163 839 1238 935 hh)

369 947 506 1014 Helices
525 951 636 1012 tamen
657 943 824 1031 quaedam·
838 949 953 1014 nanae
966 965 988 1014 e
1000 949 1083 1013 mari
1097 945 1284 1013 eminebant
1296 943 1394 1011 Pau-

288 1049 412 1116 saniae.
430 1052 559 1132 aetate,
586 1051 622 1112 at
648 1063 715 1111 non
738 1048 805 1112 iarn
830 1065 946 1114 omnes
973 1040 1157 1134 aequaliter
1177 1046 1395 1132 conspicuae,

289 1155 385 1238 parte
407 1166 521 1215 earum
541 1147 635 1232 aquis
655 1147 790 1212 marinis
810 1147 971 1214 absumta.
1012 1148 1144 1235 Agrum
1164 1145 1395 1230 Helicensem,

177 1241 181 1246 ’
290 1269 386 1335 quum
407 1267 502 1314 nemo
524 1266 567 1313 ex
588 1247 704 1312 ineolis
725 1255 896 1334 superstes
917 1250 1089 1333 manserit,
1109 1245 1395 1333 tenentAegicn-

186 1396 190 1406 .
289 1367 357 1416 ses.
409 1348 626 1426 Thessalicae
654 1345 793 1442 Helices
825 1349 1012 1415 meminisse
1047 1344 1229 1414 Hesiodum
1259 1341 1394 1410 Strabo

261 1430 268 1528 J
291 1455 441 1517 testatur.
456 1445 533 1541 (Ol
554 1446 666 1514 Muell.
686 1445 767 1516 Dor.
788 1449 839 1537 11,
857 1442 957 1538 ¹427.)

230 1870 235 1876 ’
374 1850 429 1916 Ah
442 1849 560 1916 Helice
574 1850 709 1935 eiusque
727 1864 788 1916 ora
807 1851 969 1916 maritinm
990 1847 1160 1916 divertens
1180 1844 1396 1914 dextrorsum

291 1949 335 2018 ad
356 1947 506 2038 oppidum
526 1951 704 2036 pervenies
724 1950 759 2026 in
779 1955 890 2018 monte
910 1948 1075 2016 conditum
1096 1965 1198 2036 snpra
1217 1947 1396 2014 militarem

291 2052 398 2137 viam,
426 2050 479 2116 cni
501 2052 636 2135 Goryaia
655 2065 775 2118 nornen
798 2045 865 2142 [de
886 2045 949 2136 quo
968 2051 1100 2118 nonrine
1120 2049 1214 2114 varie
1234 2052 1395 2134 corrupto
1440 2047 1441 2128 l

291 2172 325 2218 v.
346 2149 498 2217 wessu.
519 2147 562 2215 aa
583 2145 679 2216 nior.
701 2147 786 2236 xv,
806 2151 858 2214 ra
886 2149 1075 2215 resonum.
1096 2147 1140 2214 aa
1160 2145 1273 2236 seran
1295 2145 1396 2233 vm,

291 2253 364 2317 88¹1.
393 2249 588 2338 Schweigh.
609 2249 653 2315 ad
674 2249 790 2336 Polyb
810 2251 860 2336 ll,
880 2251 932 2314 87.
953 2265 1055 2337 supra
1067 2244 1101 2337 s.
1115 2253 1146 2313 h
1164 2255 1275 2314 tamen
1289 2245 1395 2314 Han-
1440 2253 1441 2332 l

293 2356 409 2418 nerias
428 2349 528 2436 VHI,
548 2353 621 2414 899.
642 2349 794 2416 vitiosam
815 2344 1015 2436 Kepoeoue'au
1044 2349 1205 2439 praeiert3
1235 2344 1396 2434 Kapauta
1440 2341 1441 2428 i

293 2467 346 2536 ap.
361 2449 483 2516 Athen.
498 2450 531 2536 1,
552 2471 584 2536 p.
597 2443 689 2540 bh),
710 2450 784 2516 sive
803 2449 847 2517 ab
868 2469 981 2516 eornm
1001 2449 1146 2516 locorum
1165 2449 1297 2536 regulo,
1317 2449 1396 2534 siue

293 2549 336 2616 ab
357 2549 637 2636 amneproximo,
659 2549 713 2635 qui
726 2545 904 2637 Oerpnites
923 2547 1049 2618 dicitur.
1091 2551 1173 2636 Hic,
1194 2549 1308 2635 quiex
1323 2546 1396 2616 Oe-

291 2667 398 2738 rynea
419 2646 586 2715 Arcadiae
607 2653 718 2717 monte
731 2650 834 2716 oritur
848 2655 883 2717 et
895 2651 1106 2718 Achaeorum
1119 2649 1271 2716 finitimos
1285 2665 1396 2738 agros

293 2748 557 2839 praeterlabitur,
577 2749 739 2818 Muellero
760 2757 814 2818 est
833 2749 895 2818 der
908 2751 1008 2834 Hlass
1021 2768 1089 2819 von
1102 2750 1299 2839 Kalabrpta,
1322 2751 1396 2820 ce-
1440 2763 1441 2824 i

165 2912 170 2928 ,
285 2851 391 2936 rpnia
411 2868 510 2937 vero,
540 2849 681 2916 Helicae
700 2850 812 2933 vicina¹
837 2848 990 2946 (Aeliam
1010 2836 1054 2918 H.
1075 2855 1118 2920 A.
1146 2851 1217 2941 XI,
1237 2847 1330 2944 lta),
1359 2856 1396 2921 in

293 2951 472 3017 claustrum
501 2946 553 3015 st.
573 2937 663 3015 Irine
692 2956 915 3018 commutatur.
963 2953 1039 3020 Huc
1059 2951 1234 3040 aliquando
1255 2955 1395 3020 eommi-

292 3055 436 3140 grarurn
448 3049 624 3136 Mycenaei
645 3067 689 3115 ex
703 3049 906 3140 Argivorum
925 3051 1043 3120 tinibus
1064 3055 1208 3141 prohrgi,
1230 3071 1316 3140 qnae
1338 3056 1394 3120 in-
1440 3059 1441 3120 l

292 3150 485 3236 quilinorum
504 3151 654 3218 accessio
676 3151 910 3238 opulentiorem
929 3155 1028 3220 multo
1047 3163 1081 3220 et
1094 3153 1267 3220 clariorem
1281 3151 1395 3242 cery-
1440 3231 1441 3246 χ

291 3251 379 3316 niam
399 3247 548 3316 reddidit.
584 3251 670 3318 Hrat
691 3249 806 3318 eadem
825 3253 933 3340 patria
946 3253 1054 3319 Marci
1072 3255 1166 3341 primi
1178 3253 1394 3322 Achaeorum
1440 3247 1441 3320 i

289 3351 476 3438 praetoris,
514 3368 558 3418 ex
593 3369 654 3436 quo
695 3359 874 3439 coeperunt
912 3353 1041 3420 Achaei
1078 3355 1230 3442 singodos
1260 3371 1394 3420 annuos
1440 3341 1441 3404 ἶ

291 3469 419 3518 creare.
470 3448 646 3519 Strabonis
673 3458 784 3520 aetate
812 3449 957 3541 Geryrria
977 3455 1011 3520 in
1031 3455 1249 3544 Aegiensium
1268 3453 1394 3522 ditione
1440 3451 1441 3532 ἶ

292 3557 376 3618 erat.
406 3551 644 3620 ¹Eumenidum
673 3555 782 3620 fanum
811 3554 854 3624 lbi
880 3554 923 3620 ab
953 3551 1074 3623 Oreste
1100 3553 1285 3622 dedicatum
1311 3574 1394 3623 esse
1440 3547 1441 3622 3

293 3649 472 3718 tradidere.

1440 3773 1441 3814 l

372 4032 521 4122 caryota
541 4051 700 4101 reversos
721 4035 754 4101 in
774 4036 946 4104 militarem
966 4037 1176 4122 viamatqne
1204 4037 1294 4104 illinc
1319 4039 1392 4104 ali·

180 4137 181 4141 ’
241 4201 255 4240 r
291 4139 446 4218 quantum
467 4152 668 4223 progressos
689 4132 807 4202 devius
826 4131 951 4202 trames
971 4139 1096 4202 Buram
1115 4135 1219 4224 ducit,
1249 4155 1337 4223 qnae
1358 4140 1393 4204 in
1440 4109 1441 4186 l

289 4232 429 4306 dextera
459 4237 560 4326 maris
586 4237 621 4304 in
645 4241 755 4306 monte
783 4237 857 4324 ipsa
878 4238 976 4304 etiam
996 4237 1062 4306 sita
1081 4235 1158 4328 init,
1189 4255 1286 4323 quam
1307 4257 1392 4307 vero

145 4205 165 4246 Χ
