2902 4956
477 365 526 382 -·-
601 331 772 410 at·-

158 481 359 620 {limosam
368 523 473 600 huus
479 522 567 592 orbis
587 522 679 640 quod
691 523 824 613 ιιιιιιιι,
844 525 991 614 expulsis
1010 524 1184 604 Μιιιιι,
1246 579 1249 584 -

85 647 154 696 num
173 613 333 714 tyranms
352 623 443 710 primi
462 630 578 711 erant,
597 626 651 720 qni
671 623 795 692 foederi
815 625 1023 698 Achaeorum
1042 629 1172 694 instau-

83 725 180 793 rando
202 725 381 822 maximam
399 727 562 798 navarent
583 742 725 815 operam,
738 725 918 812 Patronses
933 743 1006 793 cum
1014 725 1172 814 Dymaeis

83 833 112 893 et
131 823 387 893 'l'ritaeensibus
405 819 539 914 (Polyb.
559 818 714 914 11,41..)
754 823 857 902 Paulo
885 830 960 912 post
990 824 1172 894 Patrenses
1302 832 1306 846 “

81 925 136 992 soli
163 943 210 992 ex
238 923 427 996 Achaeis'
416 941 466 990 m
474 921 637 1004 Aetoliam
663 925 929 1011 transmiserunt,
959 943 1022 1010 quo
1042 927 1173 994 Aetolis

81 1025 188 1110 amicis
209 1023 385 1092 veteribus
405 1019 565 1099 adversus
578 1020 694 1090 Gallos
703 1023 860 1102 ,aunrhum
872 1022 1007 1100 ferrent.
1030 1025 1173 1112 insigni

81 1142 156 1190 vero
176 1123 282 1201 clade
303 1123 451 1211 plon‘bos
465 1122 597 1208 proeliis
610 1127 767 1210 ,accepta
786 1113 924 1198 fortunis
945 1143 1046 1212 prope
1068 1127 1173 1204 omoi-

82 1226 135 1288 bus
155 1223 275 1290 eversi
296 1221 420 1306 Patras¹
439 1219 541 1308 longe
566 1222 810 1309 maximaffpars
836 1221 1008 1307 reliquere.
1049 1225 1096 1296 Hi
1111 1243 1172 1313 per

80 1340 193 1410 agrum
214 1321 375 1408 dispersi,
397 1338 458 1407 quo
478 1325 532 1385 'se
538 1337 581 1386 ex
601 1327 712 1386 terrae
732 1320 821 1387 cultu
841 1321 1089 1411 recolligerent,
1111 1343 1173 1411 op-

80 1421 149 1508 pida
166 1421 323 1488 incolere
344 1427 529 1506 coeperunt,
548 1417 720 1506 Messatin,
741 1419 909 1506 Anthean,
930 1419 1080 1509 Bolinen,
1100 1423 1172 1488 Ar-

81 1540 205 1608 gyran,
227 1519 367 1634 Arban,
392 1519 578 1629 pierumque
598 1519 723 1606 ignota
766 1519 940 1608 Augustus
961 1517 1095 1608 deinde,
1115 1521 1173 1588 vel

70 1619 160 1704 ιιιιιιιιι
186 1618 234 1685 ad
263 1619 396 1684 navium
425 1617 591 1703 appulsum
620 1617 741 1684 Patras
769 1618 869 1686 valde
898 1636 976 1686 esse
1003 1621 1173 1718 appositas

79 1717 261 1805 iudicaret,
267 1718 327 1784 vel
346 1716 411 1781 alia
431 1733 622 1803 quacunque
635 1717 677 1785 de
691 1735 822 1806 caussa,
842 1720 1025 1807 remigrare
1046 1739 1173 1788 omnem

80 1816 159 1882 illam
183 1814 425 1884 mollitudinem
452 1818 584 1883 exiliis
611 1817 771 1906 oppidulis
797 1819 916 1885 Patras
941 1818 1044 1884 iussit.
1087 1815 1173 1901 Quin

81 1914 187 1983 eodem
207 1917 344 2004 Rhypis
367 1914 509 1982 funditus
535 1919 665 1984 eversis
690 1914 923 1984 multitudinem
948 1937 1074 1987 omnem
1099 1926 1173 1987 tra-

81 2013 183 2104 duxit,
214 2035 261 2083 ac
290 2017 368 2083 solis
394 2017 609 2084 Patrensibus
630 2035 673 2083 ex
685 2016 840 2082 Achaeis
861 2016 1025 2104 omnibus,
1054 2025 1090 2084 ιιι
1109 2037 1173 2084 sua

82 2115 227 2184 libertate
258 2120 444 2203 uterentur,
476 2117 658 2202 concessit,
689 2115 816 2201 aliaque
842 2116 877 2183 in
904 2133 977 2182 eam
1006 2119 1173 2184 ciuitatem

83 2216 235 2284 beneficia
267 2217 417 2303 contulit,
447 2217 562 2303 quibus
583 2233 604 2280 a
625 2232 664 2280 se
674 2211 844 2282 deductas
866 2215 1011 2282 colonias
1031 2217 1185 2287 Romani.

84 2315 206 2384 afficere
228 2324 474 2383 consueverunt
495 2316 551 2395 (ei.
572 2312 685 2382 Strab.
707 2314 805 2404 VllI,
825 2319 856 2381 7.
878 2337 909 2402 p.
930 2317 1028 2393 226).
1053 2317 1110 2382 -In
1131 2335 1171 2384 eo

84 2433 156 2482 vero
170 2435 172 2444 ’
186 2434 395 2504 magnopere
429 2415 621 2484 discedite
651 2414 817 2508 Strabone
846 2415 1049 2492 Pausanias,
1085 2414 1172 2503 quod

85 2513 215 2604 Rhypes
237 2515 435 2582 compatris
456 2517 648 2599 coniunctas
668 2523 794 2603 narrat,
816 2513 939 2583 Strabo
953 2524 1062 2583 autem
1074 2517 1173 2604 Rhy-
1262 2573 1265 2588 ,

86 2617 225 2698 persium
257 2633 376 2704 agrum
401 2616 626 2704 Aegiensibus
641 2667 644 2674 ,
658 2623 692 2683 ιι
718 2614 952 2683 Phariensibus
983 2615 1173 2682 attributum

87 2729 155 2780 esse
175 2715 303 2782 scribit.
345 2711 498 2782 aeterum
516 2717 681 2784 Eusebius
702 2715 844 2794 (Chron.
865 2715 904 2800 U.
927 2713 964 2782 G.
985 2718 1048 2780 74⁰
1067 2717 1172 2780 :14
1256 2769 1258 2776 ,
1287 2761 1288 2770 t
1425 2687 1426 2694 ἵ

88 2828 114 2875 ι
132 2811 191 2893 G.)
220 2832 349 2901 quoque
369 2814 505 2902 Rhypes
520 2833 604 2882 cum
621 2817 733 2884 Patris
760 2817 951 2894 coniunctas
977 2832 1055 2880 esse
1070 2811 1172 2904 dicitr

88 2929 142 2978 heo
160 2915 269 2980 minus
289 2913 472 2982 Pausanias
486 2915 582 3005 (vll,
603 2919 655 3003 22,
670 2919 705 2980 1..
714 2922 747 2983 ιι
760 2920 807 2992 4.)
820 2934 883 2982 nos
897 2912 994 2982 docet
1004 2913 1172 2991 Tritaeam

88 3015 117 3076 ιι
133 3013 264 3080 Pharas
285 3013 328 3080 ab
347 3016 499 3103 Augusto
520 3015 738 3084 Patrensibus
765 3030 844 3082 esse
863 3014 1047 3100 attributas.
1120 3053 1126 3070 ·

159 3114 229 3180 lam
260 3111 304 3181 de
329 3115 501 3188 Patrorom
528 3131 607 3194 arce
635 3115 822 3192 Pausaniae
853 3113 999 3200 sequitur
1026 3113 1171 3179 narratio

89 3205 240 3301 Vll,118,
261 3217 338 3276 6.-
351 3214 411 3304 2⁰,
423 3216 470 3301 2.,
492 3203 679 3299 quamtoto.
697 3215 817 3286 ambito
836 3215 1047 3302 interponere
1067 3213 1171 3297 piget
1269 3271 1273 3280 ,

88 3305 163 3376 Erat
173 3314 227 3386 ibi
247 3313 563 3400 eapnnaelrianae
588 3313 704 3379 ianom
718 3320 753 3380 et
765 3315 980 3380 simulacrum
1001 3307 1171 3396 Calydone
1267 3320 1271 3342 ¹

89 3423 126 3471 tx
143 3411 276 3480 Aetolia
294 3413 468 3501 Augusti'
457 3425 549 3478 iussu
568 3413 688 3498 Patras
715 3415 909 3480 translatum
933 3411 1083 3494 donoque
1103 3408 1171 3473 Pa-

89 3509 262 3578 transibus
273 3511 382 3580 datum
408 3513 476 3592 (cf.
487 3514 588 3580 Paos.
607 3493 672 3602 IV,
693 3519 752 3599 ιιι,
772 3517 830 3592 6).
873 3513 983 3580 Porro
1009 3507 1172 3608 Eurypyli

89 3616 356 3700 monumentmn,
371 3615 423 3700 qui
453 3615 514 3680 llio
548 3619 645 3700 capto
679 3615 792 3680 Liberi
825 3610 930 3699 patris
965 3601 1171 3675 simulacrum
1228 3667 1230 3671 .

89 3703 193 3776 Arcen
213 3710 336 3779 deludit
377 3713 549 3781 Narratio
558 3713 633 3779 sive
659 3713 808 3798 potiusi
792 3712 901 3778 fabola
927 3709 970 3776 de
987 3707 1171 3794 Melanippi
1257 3787 1259 3792 Ι

90 3804 357 3878 otssomaethonis
377 3829 497 3879 amore.
529 3812 709 3898 Triclariae
723 3810 852 3878 Dianae
865 3811 1025 3898 templum.
1053 3805 1170 3873 Aedes
1258 3862 1262 3874 ,

90 3898 252 3976 Minervae
284 3909 542 3978 Panachaidis.
571 3890 753 3976 Delubrum
786 3911 901 3973 matris
935 3905 1170 3993 Dindymenes.

91 3997 126 4064 ln
143 4004 210 4074 ioro
233 4011 321 4076 lovis
341 4008 480 4098 Olympii
499 4011 661 4096 templum
703 4007 864 4095 Apollinis
884 4007 1002 4072 sanum.
1045 4001 1170 4070 Odeum

91 4091 400 4189 magniooenttssime
420 4115 622 4176 exornatum.
664 4107 791 4172 Fanum
811 4111 845 4172 et
865 4123 947 4170 area
967 4120 1066 4170 sacra
1084 4101 1170 4167 Dia·

92 4213 149 4265 ιιιι
175 4193 375 4275 Limnatidis.
437 4209 615 4274 inauratae
644 4211 773 4272 statuae
802 4204 934 4296 Patrai,
967 4199 1169 4288 Preugenis,
