2864 4960
431 331 727 406 -129—

45 529 220 616 priusquam
240 526 274 590 in
295 523 346 610 iis,
375 537 460 608 quaa
478 518 715 608 proposuimus,
741 525 962 614 exsequendis
980 540 1123 611 progre-

45 625 168 714 diamur,
189 617 583 716 memoratudignissima
604 618 697 692 brevi
720 637 930 708 exponemus.

117 772 199 842 Sine
220 772 317 840 dnbio
346 775 424 836 ante
444 767 652 836 Achaeorum
672 771 865 840 societatem
889 771 996 842 denuo
1016 775 1130 842 mirum

45 875 145 940 Aetoli
171 889 300 958 quoque
326 866 446 960 (nno.
473 865 540 934 sue.
562 867 675 956 xvh,
694 873 725 936 a
754 870 882 960 xvnu,
902 843 934 940 d.
955 872 1056 961 xix,
1075 875 1129 939 os

44 975 145 1040 lustin.
159 973 260 1059 xm,
273 971 304 1036 u.
319 967 486 1055 XXVIII,
497 972 527 1033 1.
540 963 603 1060 2.),
625 971 679 1056 qui
695 972 803 1038 asino
817 970 1029 1042 Corinthiaco
1043 975 1131 1042 inter

42 1073 158 1140 hocros
179 1077 215 1140 et
234 1071 434 1138 Acarnanas
454 1066 497 1134 ad
517 1067 723 1138 Thessaliam
751 1091 854 1159 usque
882 1073 995 1162 plures
1021 1091 1131 1162 neque

44 1173 191 1240 institutis
211 1189 276 1240 nee
296 1170 428 1259 legibus
448 1167 524 1234 ullis
544 1171 631 1238 inter
651 1189 690 1238 se
710 1174 904 1240 coniunctos
923 1173 1132 1242 urhcshahi·

44 1277 198 1358 laverunt,
229 1269 364 1338 foedere
391 1274 489 1356 pacto
518 1286 592 1337 eam
623 1274 823 1339 constituere
844 1273 1045 1361 reipublicae
1064 1292 1133 1363 ge·

45 1369 157 1440 rendae
178 1374 333 1457 sormam,
363 1387 448 1456 quae
473 1369 517 1436 ah
536 1369 684 1437 Achaeis
703 1372 847 1440 tortasse
867 1371 996 1440 adscita
1016 1375 1131 1442 horum

43 1472 185 1539 societati
206 1471 330 1538 velut
319 1486 431 1559 rmago
451 1467 611 1556 quaedam
632 1472 811 1540 obversata
838 1472 944 1540 foisse
972 1471 1133 1541 videatur.

115 1592 194 1689 lits
214 1619 308 1706 locis,
330 1635 412 1706 quos
432 1637 532 1706 supra
552 1589 767 1708 laudavimus,
791 1621 973 1710 scriptores
993 1643 1061 1690 non
1080 1620 1135 1689 di-
1232 1657 1235 1666 ν

46 1723 124 1788 sorte
143 1720 315 1808 adiment,
336 1717 474 1786 Aetolos
494 1725 570 1806 post
589 1717 773 1788 Alexandri
800 1720 845 1787 Μ.
865 1727 1003 1790 mortem
1023 1723 1135 1792 statim

45 1820 179 1886 iunxisse
205 1819 398 1884 societatem
422 1817 509 1884 illam
538 1820 751 1906 notissimam,
782 1825 892 1886 tamen
913 1827 947 1887 et
969 1824 1135 1911 copiarum

47 1917 227 2008 magnitudo
248 1925 282 1984 et
302 1918 337 1983 in
358 1915 457 1984 rebus
467 1916 627 2006 gerendis
648 1921 702 1985 vis
721 1925 821 2006 atque
835 1921 1027 2010 auotoritas,
1039 1940 1136 2010 quam

46 2019 73 2084 in
90 2021 172 2087 alias
194 2019 348 2086 deitates
368 2019 560 2102 exercuisse
581 2037 640 2085 eos
660 2024 772 2084 notum
788 2019 1058 2106 est,lllansonem
1076 2016 1137 2114 (in

47 2115 161 2206 Sparta
181 2119 244 2206 111,
266 2121 296 2182 1.
316 2139 349 2206 p.
368 2111 464 2208 292.)
493 2135 630 2205 quoque,
651 2123 687 2184 ut
706 2114 792 2184 idem
812 2123 975 2187 statueret
993 2118 1136 2206 induxe-

47 2225 120 2285 runt.
161 2218 388 2303 Antiquiorem
408 2235 491 2284 vero
512 2233 585 2284 eam
602 2217 704 2284 luisse
718 2218 889 2303 quominus
910 2219 1135 2286 existimemus

48 2319 170 2386 Arriani
185 2319 237 2408 (Ι,
259 2321 301 2382 19
301 2313 383 2406 ,9)
403 2318 518 2405 verba,
540 2337 599 2385 eos
618 2315 661 2382 ad
676 2315 904 2385 Alexandrum
926 2320 1026 2406 σφῶν
1042 2315 1137 2386 κατὰ

49 2415 120 2507 idup
147 2419 284 2506 legatos
311 2417 441 2484 misisse
460 2417 636 2485 scribentis
657 2413 843 2506 impediunt.
867 2417 1137 2508 qumaunusd.

50 2537 73 2583 c
90 2541 120 2607 p
149 2521 238 2602 599)
275 2516 414 2585 Aetolos
440 2519 600 2604 prioribus
630 2535 758 2604 quoque
787 2493 987 2607 temporibus
1014 2521 1138 2586 arctius

50 2637 133 2704 quam
159 2619 231 2686 solo
262 2619 391 2686 nomine
416 2635 648 2703 nonuunquam
678 2618 870 2686 coniunctos
901 2617 1006 2684 fuisse
1031 2625 1136 2706 putat,
1247 2661 1250 2665 -

51 2723 155 2808 qqupc
175 2719 230 2805 qui
250 2715 399 2806 rapiendi
419 2715 664 2805 praedandique
685 2733 806 2784 caussa
821 2715 1026 2784 finitimarum
1045 2735 1136 2804 gen-

49 2819 116 2885 tium
134 2837 175 2886 ac
196 2818 365 2884 civitatum
385 2833 432 2906 a
434 2836 489 2884 ros
509 2822 791 2931 pervagarentur,
817 2821 1025 2883 constantem
1052 2833 1136 2884 vero

51 2917 225 3004 firmamque
245 2917 437 2984 societatem
458 2921 524 2982 tum
544 2915 701 2982 demum
689 2917 820 3004 uniisse,
833 2932 929 3002 quum
949 2913 1135 2982 Alexandri

51 3017 678 3086 successorescosecritersexarcntac
697 3021 985 3104 persequerentur.
1019 3001 1133 3098 Lucas

51 3139 135 3206 porro
155 3119 194 3200 (l.
216 3137 245 3184 c.
266 3138 298 3204 p.
313 3118 364 3182 92.
379 3125 467 3203 sqq.)
487 3135 554 3184 non
574 3115 652 3184 dicit
673 3115 729 3182 ille
750 3112 888 3202 quidem,
908 3131 973 3202 qua
992 3117 1133 3184 maxime
1233 3147 1234 3150 ¹

51 3226 149 3288 aetate
168 3217 283 3285 Aetoli
301 3214 416 3283 foedus
435 3217 636 3306 pepigerint,
666 3212 728 3282 sed
756 3233 852 3302 quum
879 3231 943 3280 nec
964 3203 1133 3305 Philippus

51 3319 223 3396 (Demosth.
243 3313 320 3383 adi.
341 3315 476 3431 Philipp.
497 3317 559 3383 llI.
579 3339 610 3403 p.
632 3317 703 3380 129.
720 3311 771 3380 ed.
793 3311 941 3379 Tauohn.
962 3309 1075 3380 Strah.
1086 3313 1134 3380 X.

52 3439 75 3504 p.
91 3421 187 3506 299),
215 3435 322 3503 neque
350 3417 420 3484 eius
449 3416 534 3482 filius
562 3411 756 3481 Alexander
783 3411 881 3498 (Plut.
902 3413 961 3480 vit.
982 3413 1124 3480 Alex.c
1103 3429 1133 3480 c.

52 3521 105 3605 to.)
125 3520 181 3586 uui
201 3519 279 3585 huic
300 3534 344 3584 ex
364 3516 511 3585 omnihus
532 3512 696 3583 Graeciae
717 3512 904 3581 civitatibus
920 3512 1016 3600 genti
1029 3511 1131 3578 suhii·

54 3619 179 3688 ciendae
194 3635 294 3708 pares
310 3624 436 3706 essent,
455 3618 520 3684 iam
537 3613 614 3684 inde
630 3615 724 3703 sequi
738 3610 879 3697 videtur,
898 3611 1049 3699 Aetolos,
1068 3614 1134 3680 etsi

53 3739 108 3790 uon
126 3721 220 3788 mma
240 3716 564 3806 quadamsocietate,
585 3715 777 3784 coniunctos
793 3717 905 3777 tamen
918 3710 1021 3778 fixisse
1034 3715 1135 3799 atque

53 3819 87 3885 ad
111 3820 251 3888 hostium
273 3819 413 3905 impetus
438 3812 663 3904 reprimendos
683 3806 970 3896 defendendosque
989 3816 1134 3898 paratos.

53 3917 421 4004 llumcr'us(ll.11,oae
441 3913 539 4030 XIII,
559 3915 649 3991 217.)
669 3908 713 3977 de
721 3908 861 3996 Aetolis,
880 3916 987 4026 gente
1000 3911 1137 4000 simplici

53 4035 169 4106 unaque
189 4015 341 4103 loquitur,
360 4014 457 4103 regio
473 4012 608 4100 imperio
621 4010 805 4078 subiuncta.
831 4007 907 4076 Nec
920 4010 1037 4076 seriori
1050 4016 1137 4080 tem·

55 4117 286 4202 poreasocietas
299 4114 366 4204 illa,
387 4131 484 4202 quam
504 4110 664 4206 novimus,
679 4115 747 4175 tam
767 4113 860 4176 arcte
881 4125 1033 4176 connexa
1053 4115 1138 4195 crat,

13 4221 14 4226 ’
55 4219 84 4281 ut
101 4233 195 4286 unam
214 4213 345 4286 diceres
366 4215 549 4302 civitatem,
576 4199 637 4278 sed
666 4208 821 4297 singulae
847 4211 955 4297 potios
984 4207 1140 4278 civitates

911 4317 937 4389 9
