2842 4950
497 361 548 380 -
598 299 771 406 oa..

92 525 179 590 etus
208 516 382 588 clientibus
411 511 518 603 (τοὺς
553 518 684 588 iuueni
711 519 868 604 πελάτας
898 523 1102 608 ἀναλαβών.
1131 530 1181 610 Oi.

92 621 209 688 Mauso
230 621 252 686 l.
274 636 303 686 c.
324 619 393 706 111,
413 621 443 683 1.
463 640 496 707 p.
516 622 589 689 lla
609 621 654 690 N.
674 616 749 714 u),
769 627 823 712 qui
836 627 958 698 nullam
970 632 1183 702 morabuntur

91 723 200 812 legem
230 719 288 788 vel
322 719 547 810 plebiscitum,
581 719 644 790 sed
676 724 771 810 quasi
802 744 934 815 semper
965 747 1010 798 ex
1041 738 1182 802 noerae

89 820 294 910 praescripto
313 820 529 909 imperantem
548 826 626 891 sunt
645 823 753 894 secuti
772 841 865 914 eum,
894 829 949 914 qui
968 839 1061 898 asset
1079 851 1182 920 prae-

88 919 320 988 amassenus

165 1019 213 1088 Ut
232 1019 323 1088 hunc
341 1019 466 1090 Nabidi
485 1022 674 1094 nmeietnm
693 1025 800 1094 estin
820 1027 1001 1114 propinquo
1015 1017 1094 1098 esse
1107 1029 1182 1125 (in-

88 1122 238 1208 sequenti
251 1118 323 1208 die,
342 1119 442 1190 Paus.
463 1121 565 1212 Vlll,
584 1123 644 1212 lib,
663 1125 705 1216 ⁶3
735 1123 851 1192 eadem
870 1133 987 1215 nocte,
1007 1131 1104 1196 Paus.
1122 1132 1183 1223 lv,

86 1223 141 1312 le,
159 1216 216 1312 a)
247 1241 317 1290 non
345 1215 503 1292 remansit
522 1223 610 1311 illie,
636 1226 785 1311 quamvis
812 1231 942 1314 cestre,
968 1233 1005 1294 ut
1031 1227 1181 1319 diximus,

86 1322 119 1390 in
138 1320 259 1411 oppido
279 1322 439 1414 haberet,
471 1321 533 1392 sed
551 1320 707 1396 subduxit
727 1344 768 1394 se
791 1344 854 1414 per
874 1343 1030 1398 aversam
1053 1336 1182 1416 portam

85 1437 273 1509 agmenque
298 1422 419 1510 raptim
445 1424 560 1514 abegit
583 1424 759 1512 praeclare
784 1443 898 1494 secum
925 1427 986 1514 agi
1009 1433 1121 1522 patus,
1149 1429 1180 1495 si

86 1521 285 1594 elaberetur.
325 1525 373 1592 lit
392 1520 520 1612 quidam
539 1523 675 1612 elapsus
695 1529 764 1613 est,
783 1524 928 1593 libertati
948 1531 1059 1596 tamen
1079 1529 1181 1594 resti-

84 1625 152 1688 tuta
178 1619 345 1692 Messene
386 1621 495 1712 (Plut
519 1623 646 1712 Philop.
667 1641 697 1692 c.
718 1627 769 1692 la
789 1631 825 1694 et
845 1622 1034 1713 comparat
1054 1625 1180 1714 Philop.

84 1737 111 1786 a
129 1711 275 1794 Plaude
296 1740 326 1793 c.
346 1725 379 1790 h
399 1723 454 1794 ubi
476 1714 670 1812 στρατηγὸς
687 1743 756 1796 nun
774 1728 829 1792 est
853 1731 1007 1815 praetor,
1034 1725 1095 1796 sed
1118 1747 1179 1797 sn·

85 1821 246 1896 immede
265 1817 374 1916 dux.)
975 1909 978 1920 Ι

160 1925 238 1996 lam
257 1923 388 1994 tertium
406 1925 596 2011 praeturam
615 1921 746 2009 quando
767 1917 915 2013 gesserit
934 1925 1177 2012 Philopoemen,

15 2073 17 2084 .
85 2021 195 2103 livius
217 2021 388 2116 (XXXI,
400 2020 477 2114 Pla)
498 2027 655 2092 testatum
674 2022 813 2109 reliquit
847 2023 885 2089 P.
900 2020 1045 2110 Sulpicio
1059 2022 1179 2111 Galba,
1273 2071 1278 2082 .

85 2116 119 2188 c.
139 2123 286 2192 Aurelio.
301 2120 401 2194 Cotta
420 2117 517 2190 [loss.
538 2117 730 2206 Cycliadem
748 2124 936 2209 praetorem
952 2120 1055 2188 inisse
1067 2117 1179 2208 tradit,

61 2239 178 2308 aquum
198 2219 369 2316 Philippus
388 2239 452 2290 rex
470 2217 516 2290 ad
535 2219 745 2288 Achaeorum
766 2222 936 2289 concilium
949 2219 1051 2288 venit.
1085 2217 1178 2288 Uon-

83 2321 271 2410 sultahaut,
290 2322 412 2410 hmuit,
437 2317 481 2386 de
501 2317 588 2388 bello
608 2316 772 2388 adversus
791 2320 924 2408 Nabim,
949 2318 1177 2389 Lacedaemo-

83 2421 211 2492 nicrum
230 2427 426 2513 tyrannum
456 2420 511 2508 qui
537 2421 700 2490 translate
728 2422 862 2510 imperio
883 2439 904 2488 a
924 2421 1177 2509 Philopoemene

87 2517 127 2588 ad
147 2518 360 2611 Cycliadem,
379 2539 587 2609 nequaquam
605 2539 718 2610 parem
738 2522 784 2588 illi
804 2520 931 2608 ducem,
952 2519 1082 2608 dilapsa
1101 2535 1178 2586 cer-

85 2637 165 2688 nens
185 2621 398 2692 Achaeorum
417 2621 541 2690 auxilia
564 2619 857 2710 redintegraverat
877 2620 1006 2690 bellum.
1047 2618 1178 2686 Decre-

86 2721 149 2788 tum
167 2726 224 2790 esl
244 2740 285 2792 eo
305 2725 343 2790 ln
362 2722 521 2807 concilio,
546 2725 584 2788 ut
610 2723 778 2788 exereitus
800 2725 917 2788 oonha
937 2718 1050 2786 Nehin
1070 2735 1178 2804 cogo·

86 2825 183 2888 retur.
225 2817 331 2889 Simu
352 2817 520 2909 Cycliadis
533 2821 673 2889 alteram
691 2818 736 2916 (a
747 2821 836 2889 Maio
849 2837 964 2888 meuse
976 2821 1041 2884 2⁰⁰
1052 2834 1083 2884 a
1098 2815 1178 2884 chr.

87 2917 127 2986 ad
145 2921 270 2990 Maium
295 2923 359 2988 1ce
383 2937 414 2986 a
436 2917 541 3006 chr.)
569 2927 604 2988 et
629 2919 890 3009 Philopoemenis
918 2919 1050 2992 tertium
1076 2931 1178 3003 prae-
1270 2932 1273 2936 ·

87 3021 187 3086 turam
208 3019 255 3106 (a
274 3019 362 3090 Maio
382 3021 445 3086 2⁰1
465 3017 509 3088 ad
529 3017 668 3088 eundem
687 3037 834 3090 mensem
853 3022 918 3086 2⁰0
936 3036 967 3086 a
989 3012 1093 3106 Chr.)
1113 3012 1176 3082 de-
1245 3053 1248 3060 -

88 3118 324 3203 prehendimus.
364 3121 413 3190 hit
438 3117 631 3208 Cycliadem
655 3119 784 3190 arhbus
803 3121 898 3208 regis
917 3117 1056 3205 Philippi
1075 3132 1177 3203 prae-

88 3221 190 3292 turam
210 3221 400 3310 obtinuisse,
419 3219 681 3308 Philopoemene
692 3220 836 3310 repulso,
858 3239 878 3286 e
898 3215 1076 3286 Plutarcho
1095 3232 1178 3282 cen-

89 3323 153 3388 sut
193 3321 343 3413 (Philop.
373 3339 403 3388 o.
423 3323 475 3386 le.
496 3313 554 3388 κ’
587 3320 712 3406 Bayer.
732 3321 755 3386 1.
777 3337 806 3386 c.
836 3319 960 3400 ,Mauso
980 3318 1003 3382 l.
1018 3333 1049 3381 c.
1069 3312 1132 3398 111,
1145 3314 1175 3379 2.

90 3436 119 3502 p·
145 3422 219 3488 215.
262 3419 405 3490 Schorn.
433 3420 456 3486 1.
486 3437 516 3486 e.
551 3441 584 3508 p.
612 3421 685 3484 2⁰⁰.
713 3418 758 3484 N.
793 3417 881 3484 male
914 3410 1177 3501 Philopoemenis

89 3518 211 3591 teruom
232 3526 422 3610 praehuam
440 3519 543 3588 refert
563 3517 607 3586 ad
627 3516 678 3586 01.
700 3520 782 3603 144,
801 3517 964 3602 e-lah,
985 3508 1050 3601 1.).

164 3621 399 3709 Philopoemen
417 3617 581 3688 adversus
607 3619 720 3686 Nebin
747 3615 911 3706 singulari
936 3613 1178 3700 strategemate

91 3729 181 3809 usus,
202 3723 332 3790 seilicet
350 3725 387 3802 ut
407 3722 571 3808 praetoris
587 3722 705 3788 literae
718 3716 762 3786 ad
773 3716 926 3806 singulos
939 3711 1065 3780 urbium
1077 3727 1179 3798 prae-

89 3812 188 3886 lectus
208 3822 355 3909 scriptae
376 3822 554 3908 separatim
575 3838 597 3886 a
616 3818 795 3909 praeieetis
821 3816 886 3886 sibi
915 3811 1179 3894 transdereutur,

91 3917 164 3997 quia
180 3922 313 4008 tyranni
333 3919 594 4008 speculatoribus
620 3921 728 3987 omnia
752 3922 849 3987 eraut
876 3915 991 4004 plene,
1020 3911 1179 3978 Achaeo-

93 4033 158 4084 rum
177 4023 358 4090 exercitum
378 4020 527 4110 Tegeam
555 4024 778 4087 contraxerat
819 4015 904 4084 Inde
933 4011 977 4082 ad
1008 4008 1179 4092 Scotitam,

94 4121 145 4182 eat
162 4119 194 4184 id
206 4121 285 4206 loci
297 4139 416 4190 nomen
435 4121 522 4190 inter
543 4119 692 4208 Tegeum
718 4124 753 4187 el
776 4113 1074 4195 uocememonem
1092 4124 1180 4193 pro·

91 4229 226 4296 gressus
245 4221 358 4293 Nabin
378 4222 450 4294 aeri
469 4220 595 4310 proelio
615 4219 705 4290 vicia
746 4213 819 4300 Quo
836 4219 925 4284 iacto
946 4210 1054 4282 Nabis
1067 4205 1180 4276 Philo-
