2844 4952
384 354 751 452 “,,-·169,·-

77 569 115 637 γε
128 565 235 636 ¹quum
260 548 447 636 praeturam
472 547 704 616 renunciasset
723 563 767 614 ne
795 540 883 634 apud
905 544 1062 614 Achaeos
1082 542 1157 630 qui·
1245 567 1247 574 ·

75 649 143 716 dom
162 641 319 737 magnam
339 653 418 715 tunc
438 643 588 716 obtinere
609 645 781 715 videhutnr
800 647 1046 736 auctoritatem,
1071 661 1156 735 grn-

76 752 147 816 tion
167 769 249 818 vero
269 747 431 834 artificiis,
450 746 594 814 fortusse
615 749 713 815 etium
733 766 801 815 non
820 765 864 818 ex
877 747 963 814 omni
975 751 1070 834 porte
1083 745 1157 812 lau·
1267 825 1271 834 Ι

77 849 247 937 lahirhus,
269 846 477 915 Achaeorum
497 865 614 914 rursus
633 846 693 914 sihi
714 847 932 936 comparavit,
963 837 1027 933 quo
1057 843 1158 914 Cleo-

76 951 171 1016 menis
197 949 373 1016 resisteret
399 947 580 1014 conatibus.
630 947 718 1016 Hine
746 947 849 1036 igitur
874 952 910 1016 ct
937 945 1044 1016 odium
1068 944 1158 1033 illud,

76 1069 133 1136 qno
152 1047 367 1134 Cleomenes,
400 1047 577 1116 bellicosus
607 1046 664 1114 illc
693 1053 794 1136 etque
824 1048 919 1115 tortis
947 1049 1074 1116 omnino
1094 1046 1158 1132 vir,

77 1156 187 1216 contro
207 1145 336 1216 timidos
356 1165 470 1216 omncs
489 1148 651 1216 acerrime
670 1148 906 1236 stimulabatur,
927 1146 1160 1235 quodpropter
1301 1223 1305 1234 Ι

76 1247 202 1318 emulum
231 1265 370 1316 caussas
407 1248 552 1336 inprimis
589 1249 688 1318 etiam
728 1254 845 1318 contre
871 1249 1010 1316 Aratum
1036 1262 1160 1313 concc-
1211 1333 1214 1342 ³

77 1352 161 1436 pisse
180 1347 333 1437 videtur,
353 1347 581 1437 impedimento
601 1349 677 1438 init,
696 1367 741 1418 no
770 1350 915 1418 societas
943 1349 1030 1416 inter
1048 1347 1160 1413 Lace-

78 1449 263 1518 daemonios
283 1455 318 1518 et
345 1449 503 1516 Achaeos
530 1453 678 1537 tempore
705 1449 762 1517 illo
790 1449 1005 1537 iungeretur,
1032 1463 1102 1538 quo
1125 1449 1161 1511 et

75 1553 207 1618 maxime
227 1549 422 1617 necessario
439 1548 499 1615 init
520 1553 555 1616 et
574 1548 798 1616 saluberrima
838 1549 980 1615 Reiecta
995 1547 1083 1614 onim
1101 1563 1162 1612 so-

75 1653 189 1720 cietate
210 1648 396 1719 Cleomenis
416 1654 526 1716 actum
546 1669 684 1737 prorsus
704 1647 747 1717 de
772 1649 919 1718 Achaeis
940 1653 1031 1735 erat,
1050 1645 1113 1712 nisi
1126 1641 1162 1710 hi

73 1758 203 1822 auctore
222 1770 340 1818 rursus
360 1751 466 1817 Arato
495 1749 636 1816 alienam
661 1768 756 1840 opem
787 1743 1048 1837 quaesivissent,
1076 1763 1162 1833 qnae

75 1849 326 1938 quoeriqnidem
336 1870 402 1918 non
416 1849 527 1916 debuit
541 1850 698 1941 amplius,
718 1867 794 1916 nam
808 1851 933 1917 Aratum
947 1847 1027 1942 (vit
1039 1841 1163 1914 Cleom.

75 1971 101 2017 c.
122 1947 195 2042 17.)
214 1957 392 2040 propterca
411 1951 613 2040 potissimum
632 1951 753 2018 restitit
774 1949 958 2036 Cleomeni,
984 1946 1070 2036 quod
1091 1965 1164 2047 gum

74 2053 242 2141 Antigono
263 2050 307 2118 de
328 2049 567 2120 conditionibus
593 2052 773 2138 seperatim
793 2053 858 2118 inm
884 2055 1005 2139 egerat
1024 2052 1163 2136 pomus-

75 2171 134 2236 que
161 2157 251 2218 erat:
283 2143 350 2240 ἤδη
381 2143 703 2240 διωμολογημένων
740 2150 841 2234 αάτγῖ
873 2141 963 2236 πράς
993 2141 1055 2216 τὸν
1090 2145 1164 2214 Ἀν-

74 2257 209 2336 τίγονου
227 2253 302 2318 τῶν
337 2257 508 2341 μεγίστων
537 2273 569 2318 κ.
593 2275 623 2318 τ.
645 2249 677 2318 λ.
705 2256 740 2319 et
765 2246 823 2344 (in
841 2251 900 2320 vit
920 2249 1017 2318 Aret
1039 2267 1068 2317 c.
1088 2241 1165 2340 88)

75 2345 283 2432 ὀΠολάβιος
304 2344 413 2420 αυτὸν
433 2351 471 2418 ἐκ
492 2345 633 2418 πολλοῦ
653 2355 736 2442 φησι
756 2357 815 2420 καὶ
834 2345 906 2440 πρὸ
926 2351 989 2441 τῆς
1010 2343 1165 2436 ἀνάγκης

73 2449 303 2571 ὑφορώμενον
335 2445 377 2520 τά
404 2443 538 2540 θράσος
567 2445 610 2519 τὸ
640 2453 705 2519 τοῦ
725 2443 947 2545 Κλεομένους
971 2445 1091 2539 κράφα
1112 2451 1164 2534 τῷ

72 2553 256 2639 Ἀυτιγονῳ
277 2546 503 2639 διαλέγεσθαι
523 2575 553 2621 κ.
569 2575 599 2620 τ.
618 2552 650 2622 λ.
669 2549 742 2648 [cl.
762 2553 878 2642 Polyb.
898 2554 951 2641 ll,
969 2543 1146 2640 47-50.)

150 2654 200 2722 llt
219 2655 284 2722 ianr
303 2655 461 2721 universe
480 2654 739 2742 Peloponnesus,
761 2672 858 2742 quum
871 2652 1066 2724 Cleomenes
1079 2668 1165 2740 pan-

71 2755 103 2822 lo
122 2759 220 2843 post,
240 2773 408 2843 praecone
426 2755 573 2845 Aegium
591 2773 659 2822 non
669 2755 786 2844 Argos
801 2751 1080 2839 (PlutCleomc
1091 2743 1166 2840 17.)

70 2857 188 2943 misso,
215 2852 322 2922 denuo
342 2854 463 2922 bellum
480 2854 628 2922 Achaeis
648 2853 838 2943 indixisset,
867 2855 1017 2922 luctuari
1046 2853 1165 2940 coepta

72 2965 140 3046 est,
168 2962 205 3026 et
229 2957 356 3026 matus
376 2953 426 3036 ὠς
452 2957 473 3040 ι)
507 2948 605 3037 τάξις
633 2952 731 3040 αὐτῷ
757 2952 922 3046 περιῆλθε
952 2944 1166 3028 καλούμενος

72 3048 284 3144 ἐξωμόσατο
305 3056 411 3137 (Plut
425 3059 521 3128 Arat.
537 3075 566 3125 e.
578 3059 654 3139 88.)
674 3057 748 3124 sive
768 3055 948 3138 onolacco
970 3047 1033 3144 τὴν
1045 3041 1164 3141 ’ἀρχὴν

71 3162 131 3226 καὶ
159 3151 394 3248 παρῃτήσατο
423 3152 627 3226 καλούντων
641 3191 645 3204 ν
660 3162 719 3224 καὶ
753 3149 934 3248 δεομένων
964 3155 1005 3222 σά
1037 3153 1165 3239 καλῶς,

73 3253 149 3326 οἷον
171 3258 211 3326 ἐν
231 3261 379 3346 χειμῶνι
404 3249 623 3351 πραγμάτων
643 3257 778 3338 μείζονι
806 3261 923 3349 μαθεὶς
952 3250 1061 3344 ἑτάρῳ
1081 3253 1163 3349 (Τι’-

72 3377 228 3447 moxeno,
247 3358 363 3447 Polyb.
383 3360 439 3446 ll,
458 3361 521 3449 ht,
541 3353 596 3451 2)
614 3351 677 3426 τὸν
699 3350 807 3426 οἴακα
820 3363 881 3427 καὶ
896 3351 1091 3446 προέμενος
1103 3345 1165 3440 τὴν

74 3454 251 3540 ἐξουσίαν·
273 3452 386 3528 ἐδόκει
407 3459 443 3524 ὁ·
465 3460 486 3547 ἡ
507 3451 572 3549 μὲν
594 3452 686 3546 πρὸς
705 3451 788 3537 roric
814 3455 939 3545 ὄχλους
968 3447 1055 3545 ὀργὴ
1076 3443 1163 3538 πρά-

75 3578 183 3645 φασίς
210 3551 298 3625 εἶναι
327 3550 495 3650 λεγομένη
525 3561 587 3649 τῆς
615 3553 811 3648 ἐξωμοσίας
841 3557 1039 3636 ἀπίθανος,
1070 3551 1167 3619 αἰτία

74 3661 109 3724 δ’
134 3652 270 3748 άλγθὴς
285 3654 329 3725 τά
343 3661 560 3746 περιεστῶτα
575 3653 655 3737 τοὺς
665 3651 841 3745 Ἀχαιούς·
864 3650 920 3723 διά
937 3660 995 3722 καὶ
1007 3645 1164 3746 μέμφον-

75 3779 136 3823 ται
157 3751 265 3824 αὐτὸν
293 3758 329 3824 ἐν
357 3749 453 3841 σάλῳ
483 3753 623 3846 μεγάλῳ
650 3761 711 3824 καὶ
735 3759 878 3845 χειμῶνι
907 3757 979 3824 τάν
998 3747 1165 3845 πραγμά-

75 3879 147 3922 των
168 3848 374 3948 φερομένων
396 3849 510 3944 ιάςπερ
533 3850 745 3949 κυβερνήτην
773 3849 910 3945 άφάντα
938 3859 997 3925 καὶ
1016 3847 1166 3949 προάμε-

78 3979 141 4023 νον
168 3947 276 4043 ἑτέρῳ
303 3948 385 4033 τοὺς
412 3947 553 4034 οἴακας,
581 3951 640 4023 ὅτε
667 3956 786 4036 καλάς
813 3949 882 4044 εἶχε
912 3959 973 4024 καὶ
1001 3946 1164 4024 άκάντων

77 4049 273 4122 ἐπιστάντα
295 4050 420 4138 σώζειν
440 4047 483 4119 τά
504 4049 623 4122 κοινάν
663 4053 777 4150 (Plus
798 4057 894 4126 Arai·
921 4075 951 4123 c.
978 4057 1063 4141 88).
1104 4053 1165 4124 li-

77 4171 234 4223 moxenns
254 4155 356 4244 igitur
375 4157 511 4242 praetor
531 4153 658 4221 electus
678 4161 732 4222 est
751 4156 816 4220 224
835 4171 866 4220 a
888 4151 966 4222 Chr.

157 4250 351 4324 Cleomenes
379 4254 443 4324 hac
468 4270 560 4324 nova
590 4251 797 4343 expeditione
816 4249 902 4347 (m
922 4270 953 4318 o.
974 4245 1075 4342 Chr.)
1094 4250 1169 4340 pri·
