2844 4952
654 291 965 370 »194-

287 487 422 575 diderit,
442 492 479 553 ut
505 489 635 552 notaret
662 483 757 550 simul
779 491 813 550 et
842 491 1020 558 excusaret
1048 484 1143 566 Arati
1169 485 1341 574 imperitiam
1393 559 1394 570 ¹

285 589 439 656 Ceterum
459 586 604 672 Aratus,
626 601 818 669 quamquam
837 583 892 652 fllo
918 581 1064 673 tempore
1085 585 1282 653 Achaeorum
1297 591 1342 654 hit

149 729 155 757 ι
281 693 433 778 praetor,
454 683 539 752 dorni
560 685 687 771 quietus
707 685 828 750 mansit
848 684 1025 770 hostesque
1051 686 1178 771 impune
1197 687 1342 762 scelestis·¹

282 790 366 854 sima
385 788 533 854 facinora
553 788 747 872 perpetrare
766 799 885 870 passus
907 787 969 849 est
1022 779 1152 850 Caussa
1178 787 1257 852 enirn
1274 788 1342 852 illius
1394 860 1395 880 ¹

284 887 408 954 timoris
430 884 542 952 clades
565 889 637 950 erat
659 881 701 948 ad
722 879 878 970 Caphyas
899 889 1040 970 accepta
1059 889 1092 950 et
1113 883 1197 970 quod
1215 885 1342 951 mditihus

278 990 347 1053 suis
367 984 542 1053 diffidebat.
585 980 721 1050 Omnem
735 983 836 1072 igitur
856 985 1016 1049 victoriae
1036 1003 1128 1070 spem
1148 985 1277 1071 positam
1294 985 1342 1049 ha·
1394 957 1395 1074 q

207 1129 209 1134 ,
278 1087 377 1154 buit
366 1107 399 1154 ιιι
420 1087 567 1174 Philippo
590 1081 643 1176 (c.
664 1087 714 1147 19.
741 1083 825 1150 Plut
848 1083 943 1149 Arat
966 1101 994 1149 c.
1015 1078 1099 1174 aa).

361 1187 482 1253 Taurio
515 1183 662 1251 Demet'
621 1189 717 1250 trium
749 1183 903 1250 Pharium
937 1181 980 1248 ad
1015 1185 1222 1251 Achaeorum
1252 1191 1396 1282 partes

277 1285 480 1374 transducit,
502 1285 556 1372 qui
577 1301 683 1372 pauca
702 1281 903 1351 Aetolorum
921 1283 994 1350 loca
1020 1284 1106 1352 litori
1133 1286 1343 1372 proximae-
1297 1283 1343 1351 de-

276 1385 449 1474 populatus
471 1383 660 1452 Corinthum
682 1383 773 1450 venit
794 1385 837 1466 (c
859 1385 982 1468 19..·)

360 1487 486 1572 Aristo,
500 1485 692 1551 Aetolorum
706 1487 851 1570 praetor,
865 1481 985 1548 bellum
998 1483 1138 1550 Aetolis
1143 1486 1343 1552 cumAchaeis

276 1602 354 1651 esse
367 1569 563 1675 negat⁰(c
586 1585 645 1670 17,
676 1576 728 1672 1.J
705 1576 903 1672 J,eamque
923 1583 1120 1668 pravitatem
1140 1584 1247 1650 Lucas
1266 1583 1397 1672 (lc

273 1705 308 1772 p.
329 1681 425 1772 1⁰5.)
447 1701 611 1749 excusare
634 1688 772 1749 conanus
793 1687 854 1747 est.
903 1681 1044 1747 Etiamsi
1063 1682 1263 1750 mendacium
1281 1686 1344 1752 Ari-

278 1785 384 1850 stonis
415 1783 528 1850 verbis
563 1801 631 1850 nan
663 1783 758 1867 insit,
793 1781 951 1848 stultitiae
986 1787 1118 1849 tamen
1114 1813 1116 1820 ·
1131 1785 1343 1872 pravitatisque

278 1883 374 1950 istius
394 1901 489 1950 nemo
510 1883 607 1949 facile
633 1881 848 1970 patrocinium
875 1881 1039 1968 suscipiet
1081 1883 1204 1950 Nonne
1232 1885 1344 1952 hostdes

278 1983 511 2070 impressiones
537 1984 735 2071 rapinasque
764 1981 883 2048 bellum
912 1975 1094 2049 vocemus?
1137 1985 1217 2054 Mihi
1230 1982 1344 2072 quidem

279 2081 358 2147 hclli
391 2080 507 2150 denuo
533 2084 641 2149 exorti
675 2083 874 2149 concitativo
908 2085 1011 2148 maior
1044 2084 1235 2152 Aetolorum
1269 2101 1344 2171 quau

277 2182 487 2249 Achaeorum
506 2181 637 2250 videtur
658 2199 735 2248 esse
756 2179 862 2269 eulpa

336 2283 528 2370 Philippus
548 2285 656 2350 altera
675 2280 885 2347 Achaeorum
905 2282 1073 2371 legatione
1094 2283 1139 2349 ad
1154 2285 1345 2402 openieran-

278 2381 353 2447 dam
374 2384 544 2449 invitahrs·
551 2380 602 2476 (e.
624 2385 683 2469 19,
718 2373 771 2470 1.)
795 2381 931 2452 simulac
953 2399 1025 2448 cum
1047 2387 1226 2452 exercitu
1216 2406 1247 2451 ιιι
1265 2385 1344 2452 Pelo·

276 2477 456 2570 pon'nesum
476 2484 569 2550 venit
588 2482 686 2550 sociis
699 2479 857 2547 corinthi
882 2481 1052 2559 concilium
1076 2483 1216 2573 indicit,
1234 2502 1271 2551 ac
1288 2487 1343 2548 sta·

276 2583 334 2649 tim
361 2601 422 2671 per
449 2583 599 2671 Tegeam
624 2577 907 2648 Lacedaemonem
935 2599 1054 2648 versus
1075 2585 1285 2672 proficiscitur
1301 2599 1345 2648 se·
1399 2597 1400 2634 ι

278 2680 418 2750 ditiones
439 2682 483 2748 ihi
505 2681 751 2768 compositurus.

298 2781 507 2870 Spartae
527 2779 649 2868 duplex
670 2785 743 2846 erat
762 2778 969 2866 Ephororum
997 2780 1113 2870 factio,
1142 2747 1270 2870 quorum
1286 2781 1344 2866 duo,

278 2880 473 2950 Adimantus
501 2886 535 2947 et
561 2879 802 2967 Polyphontes,
833 2895 855 2944 a
881 2879 1019 2967 Philippi
1048 2884 1211 2968 partibus
1225 2885 1344 2966 stabant,

278 2989 349 3050 tres
369 3002 451 3050 vero
472 2982 588 3066 reliqui
610 2998 682 3044 cum
702 2979 832 3044 Aetolis
853 2997 923 3044 rem
943 2980 1118 3048 faciehant.
1160 2985 1345 3070 Itaquenoo·

280 3084 363 3148 cium
383 3080 425 3147 de
446 3079 591 3146 adventu
610 3079 704 3166 regis
726 3096 821 3162 quum
842 3080 1051 3165 accepissent
1073 3100 1204 3170 omnes,
1230 3083 1279 3168 qui
1296 3083 1345 3146 iau

278 3188 390 3248 aetate
411 3186 507 3248 erant
528 3179 663 3265 bellica,
683 3175 730 3264 ad
740 3177 914 3243 Minervae
928 3176 1147 3247 Chalcioecae
1167 3183 1271 3248 lanum
1289 3197 1345 3246 com

160 3351 162 3356 ,
278 3283 379 3350 armis
400 3279 579 3348 convenire
599 3279 782 3363 iusserunt,
802 3275 1085 3366 Adimantumque,
1107 3283 1162 3367 qui
1182 3300 1278 3348 ausus
1290 3284 1346 3345 erat

276 3381 495 3450 Macedonum
514 3381 548 3445 in
568 3376 848 3444 Lacedaemonios
875 3395 995 3444 recens
1027 3380 1149 3447 collata
1174 3380 1346 3470 praedicare

278 3482 454 3567 beneficia,
476 3479 614 3546 Aetolos
635 3483 744 3543 autem
763 3497 823 3562 pro
844 3475 993 3542 hostibus
1013 3479 1183 3550 habendos
1198 3501 1271 3550 esse
1283 3501 1345 3570 pro-

162 3638 165 3644 .
278 3583 383 3670 litari,
408 3599 474 3648 una
502 3598 575 3646 cum
600 3579 700 3644 sociis
731 3573 952 3663 trucidarunt,
984 3577 1028 3644 ad
1048 3599 1165 3669 regem
1179 3602 1279 3670 evoro,
1305 3581 1347 3666 qui

277 3683 344 3747 iam
364 3679 407 3745 ad
427 3679 637 3746 Parthenium
650 3679 791 3742 montem
811 3695 1012 3762 progressus
1043 3687 1116 3746 erat
1146 3679 1273 3770 eadem,
1297 3697 1347 3766 qua

279 3788 380 3847 antea
400 3779 590 3894 Antigonus
611 3777 666 3842 via
686 3775 719 3840 in
739 3776 850 3842 urbem
877 3777 1078 3865 irrupturus,
1107 3781 1240 3871 legatos
1265 3783 1346 3848 mise-

279 3885 372 3966 runt,
393 3879 464 3967 qui,
491 3883 547 3962 ut,
576 3875 682 3941 donec
702 3874 899 3961 reipublicae
921 3883 1027 3943 status
1048 3887 1155 3947 esset
1162 3884 1347 3970 compositus,

280 3977 487 4075 aduentum
476 3996 511 4041 ιιι
531 3976 645 4040 urbem
665 3972 828 4082 differret,
856 3985 1025 4064 rogarent.
1079 3981 1155 4046 Nee
1175 3983 1270 4048 multo
1289 3982 1348 4068 post

284 4073 399 4149 decem
426 4080 589 4142 venerunt
627 4069 784 4163 legati⁷
782 4094 915 4160 quorum
952 4080 1106 4168 princeps
1138 4089 1210 4170 erat
1244 4078 1347 4161 0mias,

282 4178 361 4302 qpt
353 4173 538 4306 9ι1ἰιιιιιιιῒο
564 4175 699 4261 eiusque
735 4177 952 4244 sectatoribus
987 4181 1153 4247 accusatis
1181 4181 1223 4248 ad
1249 4177 1348 4260 omnia,
