2864 4960
652 406 950 476 -72-

138 599 151 614 ⁸
254 597 361 666 Marci
380 599 569 685 praeturam
588 594 723 685 primam
743 609 847 684 auno,
869 611 966 679 quum
985 589 1071 658 idem
1084 589 1354 659 llareuslternm

254 701 347 764 esset
373 701 527 786 praetor,
556 695 682 762 Aratus
713 691 895 782 Sicyonem
917 693 1057 784 patriam
1077 709 1171 758 suam
1190 691 1354 760 Aolraeo·

254 815 325 863 rmn
345 793 545 884 reipublicae
566 791 728 882 adiunxit,
749 812 837 863 anno
858 795 919 860 251
942 811 972 859 a
987 791 1067 861 Cirr.
1087 790 1223 886 (Polyb.
1237 792 1284 880 ss,
1297 795 1354 881 Β,
1419 793 1421 802 ⁴

252 897 283 960 1.
311 889 367 985 2.)
415 895 472 962 lix
497 891 560 962 hoe
586 899 696 962 autem
723 901 871 984 tempore
901 899 1025 982 quanta
1051 889 1189 959 indies
1224 875 1355 980 o'eperit
1420 854 1422 994 Α

253 994 463 1061 Achaeorum
483 994 627 1061 societas
647 995 851 1063 incrementa
870 1015 948 1063 mox
968 995 1191 1082 expositarum
1204 1010 1354 1080 mepro-

254 1095 364 1181 dteor,
384 1095 415 1161 si
434 1095 525 1182 prius
545 1092 588 1161 de
608 1095 765 1164 institutis
785 1079 898 1164 eorum
917 1094 1139 1184 disputavero.

337 1191 538 1262 Strabonem
567 1190 871 1288 (vulpam),
899 1195 1027 1283 quiite
1054 1192 1204 1282 scripsitr
1242 1170 1355 1258 εἰέιοσιΙ

254 1287 317 1383 μὲν
346 1286 389 1384 δὴ
419 1285 476 1388 ἔτι]
504 1290 700 1363 διετέλεσαν
727 1287 937 1388 ,γραμματέα
968 1289 1085 1363 κοινὸν
1122 1289 1261 1378 ἔχοντες
1291 1297 1356 1360 και·

255 1387 473 1484 στρατηγοῦς
487 1435 489 1441 2
502 1389 567 1460 δύο
598 1393 673 1464 κατ’
694 1387 855 1464 ἐνιαυτὸν
877 1397 915 1464 οἱ
931 1392 1067 1482 Ἀχαιοὶ
1087 1397 1145 1460 καὶ
1166 1381 1355 1466 κοινοβοῦ-

253 1489 332 1560 λιον
354 1492 402 1572 εἰς
423 1487 487 1560 ενα
508 1487 620 1562 τόπον
644 1488 810 1582 συνήγετο
832 1497 971 1577 αὐτοῖς,
995 1491 1155 1562 ἐκαλεῖτο
1176 1482 1355 1576 oi’Apvd-
1424 1489 1425 1502 ¹

256 1615 348 1679 ριον,
382 1593 419 1659 ἐν
451 1581 549 1676 pirri
569 1587 671 1662 κοινὰ
690 1591 921 1687 ἐχρημάτιζον
942 1599 1003 1665 καὶ
1024 1577 1125 1660 οὗτοι
1144 1593 1205 1659 κατ’
1224 1585 1354 1656 οἱἸιο-

256 1713 310 1770 νος
332 1689 524 1780 πρότερον·
546 1685 621 1762 εἶτα
642 1689 764 1774 ἔδοξεν
778 1689 841 1762 ἕνα
855 1697 1131 1781 χειροτονεῖσθαι
1146 1682 1355 1780 στρατηγόν,

256 1791 487 1882 corrigendum
507 1812 586 1861 esse
604 1799 790 1862 statuerunt
804 1793 1022 1864 casaubonus
1036 1799 1071 1861 et
1083 1789 1355 1880 Schweighaeu-

254 1911 351 1977 serus
386 1895 434 1962 ita
463 1899 502 1962 ut
527 1913 663 1964 numero
692 1887 802 1963 εἴκοσι
829 1893 1006 1962 adderetur
1035 1884 1147 1961 πέντε.
1199 1890 1378 1960 Profecto.
1427 1928 1428 2002 ,

254 1997 403 2061 statuere
423 1995 502 2062 lieet
521 2013 638 2063 vocem
658 1989 762 2063 πέντε
789 1993 970 2085 excidisse,
1000 2001 1058 2063 aut
1085 2012 1159 2061 oum
1187 1991 1356 2080 lipsiensi

255 2089 381 2162 editore
398 2113 579 2162 numerum
607 2095 791 2164 summatim
818 2097 960 2185 positum
990 2112 1077 2162 esse.
1112 2090 1207 2161 ,Sed
1242 2097 1356 2181 potest
1428 2106 1429 2172 l

256 2193 356 2260 etiam
375 2211 479 2260 sanus
500 2213 579 2262 esse
597 2197 692 2283 loeus
714 2201 748 2263 et
768 2194 892 2266 Strabo
911 2195 1033 2286 viginti
1045 2193 1148 2260 aunis
1168 2193 1286 2281 positis
1311 2192 1358 2262 ab

256 2311 296 2359 eo
318 2299 464 2381 tempore
485 2301 711 2384 computasse,
732 2315 795 2382 quo
818 2295 984 2383 columna,
1005 2311 1092 2381 quae
1109 2293 1223 2360 initam
1243 2292 1356 2358 soeio-
1429 2286 1430 2340 l

255 2397 357 2459 tatem
378 2399 575 2481 testaretur,
596 2399 721 2460 statuta
742 2401 803 2460 est.
845 2393 949 2482 quue
969 2394 1169 2483 probabilius
1182 2397 1245 2478 ast,
1268 2389 1355 2478 quod
1430 2464 1431 2482 ,

257 2493 467 2559 conciliorum
495 2493 603 2560 locum
630 2494 832 2561 memoravit.
880 2497 992 2581 Atque
1021 2495 1051 2560 is
1078 2509 1180 2582 prope
1208 2492 1357 2581 Aegrum
1430 2487 1431 2498 ἢ

257 2597 350 2678 erat,
380 2609 421 2658 ao
452 2591 588 2680 proinde
615 2595 743 2661 aoncilii
768 2595 861 2661 loeus
886 2595 995 2662 laetus
1015 2597 1068 2660 est
1087 2596 1261 2680 postquam
1280 2591 1355 2657 Aa·

255 2691 347 2781 gium
367 2711 406 2758 se
427 2691 470 2757 ad
491 2695 685 2762 societatem
705 2695 940 2784 applicaverat
982 2693 1080 2762 Hane
1094 2689 1257 2760 clintonia
1270 2691 1354 2758 seir-

257 2793 393 2860 tentiam
414 2793 647 2882 amplectimur.

340 2887 402 2976 Qut
421 2893 496 2961 illos
516 2901 649 2981 quinqua
670 2913 776 2963 annos
797 2893 932 2990 [Polyb.
952 2895 1004 2980 Π,
1023 2891 1100 2978 48.)
1128 2891 1236 2981 spatio
1257 2891 1355 2978 qnin-

255 3011 319 3079 que
349 2999 383 3059 et
404 2995 534 3082 uiginti
555 3013 714 3064 annorum
734 2998 924 3085 superiores
942 2993 1046 3060 fuisse
1066 2993 1182 3060 statuit
1200 2988 1356 3062 Larehe·

255 3111 314 3158 rus
333 3089 479 3186 [Herod
500 3093 539 3159 Τ.
561 3083 689 3186 vl1.'p.
709 3100 783 3164 tls.
804 3092 877 3188 sq.)
896 3112 953 3162 res
973 3095 1020 3160 ita
1039 3092 1222 3162 ordinavitr

337 3193 410 3257 284.
451 3192 613 3262 lloederis
642 3196 854 3278 fundamenta
883 3201 960 3264 uota
986 3199 1064 3262 runt
1083 3209 1106 3260 a
1124 3191 1354 3278 Patrensibus,

254 3289 430 3381 Dymaeis,
450 3293 622 3362 Pheraeis.

311 3395 410 3458 Μ.
453 3390 595 3463 Olreiter
614 3397 726 3484 quinto
757 3415 845 3466 anuo
870 3401 946 3484 post
973 3409 1069 3480 mam
1096 3391 1254 3482 Dymaei,
1283 3389 1353 3459 Pa-

253 3497 386 3560 trenses
418 3498 452 3560 et
480 3495 623 3581 Pheraei
653 3495 768 3566 foedus
798 3497 1039 3566 constituerant
1068 3491 1215 3580 reliquae
1250 3492 1353 3558 urbes

253 3598 415 3682 tyrannos
436 3595 606 3664 eiecerunt
626 3616 696 3686 seq.
807 3581 809 3596 ¹
1045 3605 1049 3616 “

337 3690 408 3760 Sed
437 3693 522 3762 haee
551 3699 636 3765 ratio
667 3689 809 3792 Polybio
836 3701 1001 3783 repugnat
1030 3711 1166 3782 eamque
1194 3691 1353 3760 refutant

254 3790 387 3860 Glinton
408 3793 454 3886 (l
476 3813 505 3885 e.
526 3819 557 3884 p.
578 3799 686 3886 tob).

235 3955 237 3958 .
335 3893 489 3981 Bayerus
517 3915 616 3982 porro
645 3915 741 3981 quum
765 3898 859 3960 reete
879 3900 1067 3982 praeturam
1085 3891 1193 3961 Merui
1213 3894 1351 3981 primam

254 4009 342 4059 auno
371 3992 504 4061 XXVI.
552 3981 701 4062 Asino
729 3993 910 4082 posuisset,
938 3993 1023 4062 falso
1050 3994 1180 4068 soribitr
1216 3993 1350 4062 aireiter

254 4094 398 4178 quintum
413 4093 587 4179 annum,l1.
601 4111 631 4159 e.
645 4087 765 4159 XXX.
778 4093 938 4184 Aebaieo,
960 4091 1010 4162 01.
1025 4093 1348 4184 182,¹·t,A'egieuses

246 4189 450 4280 praesidium
479 4189 727 4260 Macedonicum
756 4191 940 4281 eiecerunt,
978 4213 1060 4280 quos
1095 4193 1209 4280 reliqui
1241 4192 1349 4260 seeuti

252 4296 340 4358 sunt.
390 4287 461 4358 Sed
489 4291 577 4390 lruue
604 4293 667 4360 viri
692 4297 836 4374 aeterum
864 4293 1076 4383 sagacissimi
1104 4311 1252 4361 errorem
1283 4293 1347 4360 iarn
