2844 4952
345 339 357 412 ἶ
469 368 739 442 -177-

77 558 250 632 ntis-artri
269 555 428 628 lluclldae
448 575 521 626 cum
541 561 642 628 sociis
663 560 769 630 Iluam
783 558 1022 630 defendendum
1042 561 1146 632 tradi-

76 659 131 747 dit,
148 654 222 747 ipse
234 678 316 727 uero
337 677 410 726 cum
430 657 701 730 Lacedaemoniis
732 665 767 726 et
795 663 1008 730 mercenariis
1032 659 1147 752 Clym-

75 781 140 848 pnn
158 757 346 846 obsederat,
367 760 512 846 equitatu
531 765 709 848 praetereo
734 766 769 828 et
796 766 892 848 purte
916 758 1147 849 stipendiario-

76 879 137 926 rum
155 857 196 924 ad
215 859 302 926 duvii
320 859 409 947 ripas
427 859 624 927 collocatis
651 853 761 939 Quare
774 859 964 950 Antigonus
977 880 1073 947 quum
1087 865 1150 950 ap-

75 959 307 1046 propinquasset
327 965 426 1046 atque
448 956 657 1027 Cleomenem
678 964 712 1026 et
733 964 806 1026 arte
826 960 1035 1048 imperatoria
1049 969 1083 1026 et
1096 961 1148 1026 lo-

75 1075 170 1129 corum
204 1064 322 1126 natura
356 1057 498 1126 adiutum
526 1058 692 1147 probeque
720 1059 849 1126 omnino
882 1061 1036 1127 munitum
1066 1079 1148 1127 con·
1229 1101 1233 1108 -

75 1160 239 1244 spexisset,
260 1159 362 1246 primo
385 1157 512 1245 quidem
533 1159 660 1226 hostem
687 1157 831 1248 aggredi
861 1177 928 1226 non
957 1167 1010 1228 est
1037 1177 1149 1248 ausus,

75 1255 124 1323 sed
143 1257 201 1324 sub
222 1257 363 1347 Gorgyli
383 1259 471 1326 fluvii
491 1259 599 1346 ripas,
624 1277 667 1326 ne
687 1257 730 1324 de
756 1259 932 1346 improviso
954 1256 1149 1327 Cleomenes

74 1358 210 1444 inpetum
227 1357 368 1446 faceret,
390 1359 510 1425 castris
530 1359 660 1446 positis,
690 1364 725 1424 nt
740 1348 813 1446 'per
834 1359 1061 1445 exploratores
1082 1365 1150 1426 tum

75 1456 109 1525 de
126 1459 264 1528 loconrm
284 1464 421 1546 natura,
442 1463 510 1524 tum
530 1457 573 1526 de
592 1458 725 1526 militum
745 1459 879 1547 ingenio
901 1459 1022 1526 certior
1042 1458 1147 1546 lieret,

74 1560 197 1644 quietem
215 1557 349 1649 agendo
369 1576 430 1646 per
443 1557 582 1652 triduum
592 1559 750 1626 remansit
763 1556 892 1630 levibns
906 1558 1034 1626 hostem
1047 1577 1147 1646 proe-
1198 1595 1204 1609 ·

73 1656 114 1722 liis
132 1658 289 1726 hiterdnm
309 1659 492 1726 lacessens.
514 1655 585 1725 Sed
606 1677 703 1745 quoru
715 1657 766 1726 'ab
787 1659 873 1726 omni
892 1664 988 1746 parte
1007 1661 1055 1727 ita
1074 1651 1147 1727 mu-

73 1759 145 1824 nitos
159 1761 374 1845 cognovisset
387 1760 588 1850 Antigonus,
608 1777 692 1846 quas
713 1767 848 1848 ceperat
859 1758 1054 1828 Cleomenes
1072 1765 1146 1826 sta-

73 1859 179 1950 tio‘nes,
200 1868 235 1929 ut
254 1862 314 1929 vix
334 1866 454 1926 ant‘ne
475 1861 533 1927 vix
554 1858 682 1946 quidem
703 1863 774 1928 eius
791 1861 951 1928 exercitui
963 1858 1148 1928 detrimenti

73 1959 296 2047 aliquidallerri
316 1965 439 2048 posset,
460 1952 597 2045 uterque
617 1957 750 2028 tandem
770 1958 853 2046 dux,
873 1948 961 2026 haud
981 1977 1146 2047 spernen-

75 2057 136 2127 dum
155 2063 216 2130 sihi
236 2061 466 2130 adversarium
486 2066 605 2126 nactus
626 2053 756 2150 (πάνυ
771 2056 913 2146 εὐφυεῖς
940 2063 1000 2126 καὶ
1027 2079 1144 2145 παρα-

73 2157 219 2249 πλησίους
248 2152 420 2252 ἡγεμόνας
440 2159 467 2251 ἡ
492 2155 576 2247 τύχη
607 2151 775 2238 συνέβαλε
804 2149 951 2234 τούτους
976 2149 1056 2234 τοὺς
1086 2156 1146 2224 ἆυ-

74 2257 179 2352 δρυς),
199 2279 424 2356 quemcunque
443 2261 559 2350 proelii
580 2261 702 2330 exitum
723 2259 839 2346 cuique
859 2257 989 2326 iortuna
1002 2257 1145 2346 praebe-
1283 2337 1288 2343 .

72 2365 134 2450 rot,
152 2363 296 2452 experiri
317 2363 493 2430 constituit
670 2401 673 2412 ·
712 2397 714 2404 ·
1086 2417 1089 2422 ,

139 2463 328 2553 Antigonus
349 2463 451 2552 igitur
470 2462 628 2530 loricatos
648 2467 683 2531 et
702 2461 907 2531 Macedonas
936 2464 971 2528 et
989 2458 1144 2548 Megalo·

72 2558 216 2642 planos
235 2561 374 2657 [Polyb.
395 2560 470 2649 lV,
485 2564 545 2650 m,
564 2563 595 2626 d.
615 2559 770 2632 Schomii
790 2559 894 2653 igitur
915 2560 1103 2627 coniectura
1123 2559 1146 2623 l.

73 2673 95 2721 c.
111 2683 139 2748 p.
158 2665 227 2728 lua.
247 2663 295 2730 N.
317 2655 553 2739 λευκάσπιδας
578 2680 640 2749 pro
669 2661 847 2745 χαλκασα.
873 2653 1058 2748 displicet)
1085 2678 1147 2744 op-

70 2763 159 2843 posuit
177 2759 340 2831 lluclidae
359 2761 633 2847 montique-ane
645 2760 749 2846 iisqne
762 2755 999 2844 Alexandrum,
1020 2757 1145 2822 Acme-

71 2857 91 2922 ti
114 2859 225 2951 lilium,
256 2867 293 2930 et
324 2859 525 2930 Demetrium
559 2859 713 2929 Pharium
749 2857 928 2947 praefecit,
966 2873 1052 2944 pone
1084 2855 1147 2921 hos
1241 2869 1244 2876 ’

71 2957 287 3032 Acarnanihns
308 2967 343 3029 et
364 2958 580 3030 Cretensibus
607 2955 799 3044 duobusque
819 2956 1031 3024 Achaeorum
1050 2955 1148 3022 milli-
1273 3041 1276 3048 Ι

71 3055 120 3124 hus
139 3062 329 3150 collocatis,
353 3064 432 3150 qui,
459 3080 510 3128 ue
533 3061 699 3126 irruerent
724 3071 745 3124 a
773 3061 874 3145 tergo
897 3056 1033 3142 hostes,
1061 3055 1147 3144 omui

72 3168 214 3230 caverent
240 3162 423 3252 diligentia.
486 3159 654 3247 Equitatui
689 3154 877 3226 Cleomenis
907 3157 1044 3241 equites,
1065 3152 1149 3222 duce
1236 3191 1241 3200 ·

72 3258 267 3351 Alexandro,
298 3264 404 3330 altero
424 3263 495 3328 eius
516 3259 670 3346 nominis,
699 3257 851 3345 opposuit
871 3253 991 3323 additis
1011 3257 1147 3340 insuper

71 3355 265 3430 Achaeorum
283 3360 424 3428 millibus
452 3358 649 3446 totidemque
673 3355 1027 3446 Megalopolitanorum
1052 3349 1147 3441 pedi·
1186 3365 1195 3378 ·

71 3458 134 3524 tum
171 3461 400 3532 hlercenarios
430 3464 539 3528 autem
566 3465 601 3526 et
626 3456 830 3528 Macedonas
855 3454 1019 3522 adversus
1047 3449 1147 3520 Cleo-

70 3559 161 3632 menis
179 3563 286 3630 aciem
307 3561 481 3650 collocavit
507 3557 578 3626 suis
602 3559 757 3647 auspiciis
777 3556 1016 3645 praefecitque,
1044 3557 1080 3618 ut
1099 3551 1148 3617 ll-

71 3651 133 3740 lyrii
151 3661 280 3730 sublato
299 3678 322 3728 e
342 3659 498 3748 proximis
525 3655 655 3748 Olympi
675 3659 758 3726 locis
778 3658 897 3744 linteo,
914 3651 1148 3741 *Megalopoli-

71 3757 129 3823 tani
146 3766 255 3830 autem
274 3765 318 3830 et
343 3759 470 3847 equites
496 3759 646 3848 puniceo>
663 3755 894 3847 paludamento
915 3754 1044 3823 hostem
1064 3739 1168 3818 ado-⁴

70 3855 208 3926 lirentnr.
610 3857 614 3861 ’

139 3957 254 4046 ltaque
281 3957 384 4047 illyrii
412 3975 508 4046 quum
537 3958 631 4046 regis
656 3958 749 4024 iussu
777 3957 929 4044 impetum
957 3955 992 4020 in
1019 3953 1148 4020 hostem

70 4051 235 4147 iecissent,
254 4059 393 4127 ‘Achaei
423 4077 505 4126 vero
518 4059 742 4153 pugnantium
769 4054 904 4124 ordines
923 4051 1151 4142 negligentius

71 4158 197 4246 &tergo
216 4163 405 4248 tuerentur,
424 4158 544 4228 milites
564 4156 649 4224 levis
675 4161 861 4224 armaturae
890 4152 1075 4222 Cleomenis
1096 4147 1164 4214 ul-.

72 4247 167 4324 limum
188 4275 298 4326 eorum
318 4278 440 4348 agmen
460 4260 655 4338 invaserunt
685 4260 784 4364 atque
804 4255 839 4324 in
858 4271 1014 4418 maa¹g2num
1034 4245 1147 4316 admo-
