2844 4952
537 257 541 266 .
659 255 1050 429 ···¹⁶⁰..··'

337 531 340 536 ·
364 501 457 588 unna
477 523 560 573 vcro
574 503 852 592 expugnationem
863 503 961 572 trium
977 503 1105 572 illarum
1118 504 1247 592 urbium,
1264 505 1344 576 llan-

281 610 409 694 tineae,
438 605 593 696 rl'egeae,
621 601 838 690 Orchomenii,
867 605 1003 690 attinet,
1028 622 1073 672 ue
1093 605 1128 674 iu
1148 605 1209 672 hoc
1226 603 1343 692 quien,

194 783 197 788 ,
281 725 341 774 cur
367 709 499 792 Lucae,
524 707 603 772 licet
629 723 755 772 summa
782 702 954 792 diligentia
976 705 1166 792 expositae,
1183 707 1344 774 sentcntiae

176 849 179 853 -
275 807 323 904 [l.
345 825 374 875 c.
395 829 427 896 p.
447 800 522 896 al.)
541 803 698 872 accedam
718 810 897 892 partesque
921 803 1048 892 Polybii
1067 802 1280 890 derelinquam
1297 804 1344 870 ol-

157 939 162 944 ·
279 909 392 976 ducor.
411 993 414 1003 y
432 906 603 980 Mantinea
623 905 709 972 enim
728 902 792 998 (ci.
816 921 918 992 supra
943 899 977 990 S.
1006 905 1059 970 45.
1083 898 1185 994 Not.)
1212 904 1344 972 Achaeo·

279 1031 351 1078 rum
369 1011 433 1074 ianr
454 1012 546 1092 crat,
567 1002 784 1072 foednsnvem
805 1010 923 1092 sponte
942 1002 1091 1072 deseruit
1110 1010 1145 1072 et
1157 1003 1279 1072 Aetolis
1290 1005 1344 1090 pri-

278 1129 381 1196 mum,
406 1103 526 1186 deinde
553 1099 721 1172 Cleomeni
748 1122 788 1170 se
818 1103 969 1191 tradidit,
1002 1105 1132 1172 Aetolis
1157 1101 1277 1190 quidem
1293 1123 1343 1170 non
1396 1097 1397 1106 ’

278 1205 512 1291 renitentibus,
532 1200 621 1270 uude
641 1204 837 1292 intelligitur
858 1205 920 1272 bos
941 1205 1069 1272 iamiam
1088 1204 1288 1274 Achaeorum
1305 1204 1344 1268 iu·

279 1307 457 1376 crementis
478 1301 665 1372 invidentes
686 1321 803 1391 pacem
823 1302 957 1393 agendo
985 1304 1149 1391 Achaeis,
1178 1303 1229 1389 qui
1253 1300 1344 1369 urben

255 1433 258 1440 ·
278 1411 475 1494 amiserant,
496 1402 654 1474 commodi
674 1403 795 1491 aliquid
815 1411 934 1472 afferre
955 1407 1084 1474 omuino
1102 1405 1253 1489 noluisse,
1265 1400 1344 1468 Cleo-

277 1509 366 1576 meni
385 1518 603 1592 vero,‘quum
623 1506 709 1575 ultra
730 1507 762 1572 ei
786 1504 978 1578 viderentur
1005 1506 1102 1573 huius
1122 1505 1211 1574 urbis
1230 1517 1344 1590 posses-
1397 1523 1398 1540 ¹

278 1611 404 1676 sionem
423 1607 622 1696 permittere,
643 1611 821 1694 propterca
839 1607 974 1694 favbse,
995 1604 1081 1692 quod
1103 1609 1284 1692 comparata
1300 1617 1344 1665 sa·

277 1710 320 1776 tis
341 1708 449 1795 ampla
470 1705 636 1793 copiarum
656 1707 691 1772 vi
711 1707 742 1772 is
761 1707 901 1774 maxime
920 1704 1058 1774 idoneos
1072 1711 1146 1794 erat
1159 1701 1202 1772 ad
1214 1701 1344 1769 Achaeo-

208 1798 213 1808 '
277 1813 350 1876 nuru
363 1825 419 1874 res
433 1803 630 1896 perdendas.
658 1800 865 1894 Quapropter
878 1811 1004 1877 tanturm
1017 1806 1131 1894 abeat,
1145 1810 1182 1872 ut
1194 1822 1236 1869 cx
1249 1802 1344 1887 quiete,

261 1927 364 2000 'quae
384 1909 418 1973 in
437 1906 556 1994 populo
576 1911 651 1972 tam·
664 1907 769 1973 atroci
790 1907 919 1974 omniuo
946 1908 1133 1993 suspiciosa
1157 1921 1232 1970 esse
1256 1898 1343 1980 debet,
1398 1939 1399 1972 ,

278 2009 470 2081 Aetolorum
490 2006 664 2072 amicitiam
684 2023 770 2094 erga
790 2005 948 2077 Achaeos
970 2007 1148 2092 coniicias,
1168 2007 1203 2070 ut
1221 2001 1343 2067 benevo-

277 2110 380 2178 lentia
400 2109 466 2174 ista
487 2118 584 2173 unum
613 2103 821 2176 Cleomenem
853 2111 1063 2176 sustentasse
1089 2102 1267 2172 videantur.
1300 2096 1344 2162 ln·

276 2214 445 2297 terceptas
474 2225 557 2274 vero
585 2206 687 2273 urbes
716 2209 799 2282 istos
827 2225 849 2274 a
879 2205 1057 2274 Cleomene
1086 2223 1166 2274 esse
1186 2199 1345 2267 auctorest

276 2309 433 2396 Polybius
453 2304 524 2400 (ll,
544 2307 606 2394 46,
626 2309 753 2374 2.·coll.
768 2307 867 2374 —Plut
888 2305 1012 2375 Cleom.
1033 2300 1103 2397 4),
1137 2306 1227 2372 cuius
1252 2301 1282 2364 iu
1306 2295 1344 2361 bis
1399 2351 1400 2360 ,

277 2406 375 2474 tiolem
398 2408 510 2475 Lucas
530 2407 688 2474 immerito
715 2413 905 2494 suspectant
935 2408 1047 2476 habet.
1099 2404 1221 2476 Verbis
1249 2402 1343 2479 auten,

276 2508 510 2586 βεβαιοῦντας
524 2499 698 2596 αὐτῷτὴν
717 2501 943 2597 παράληψιν,
963 2505 1108 2576 foederis
1130 2504 1212 2574 adea
1231 2496 1345 2568 mentit-

276 2627 355 2679 nem
371 2607 443 2676 lierl
464 2608 600 2693 quisque
620 2607 685 2679 sibi
704 2603 907 2695 persuadere
927 2606 1089 2698 patietur3
1109 2623 1175 2674 uec
1187 2595 1345 2674 musuni-

276 2729 351 2796 ror,
376 2725 436 2773 cur
456 2724 549 2779 arma
568 2726 638 2775 uon
658 2709 808 2796 ceperint
827 2727 887 2796 pro
908 2707 1086 2776 Cleomene
1105 2705 1232 2792 Aetoli,
1252 2697 1345 2786 quali

277 2812 332 2898 qui
351 2813 419 2875 uam
438 2805 566 2877 demum
579 2809 701 2876 bellum
713 2809 860 2882 Achaeis
874 2809 997 2876 illaturi
1010 2815 1137 2896 esseut,
1158 2795 1345 2904 quamSptt·

276 2913 428 2976 tanarum
449 2927 576 2995 quoquc
595 2910 689 2976 vires
707 2909 836 2976 fractae
855 2907 1058 2996 viderentur,
1078 2915 1116 2978 ut
1136 2905 1344 2986 utriusquae

276 3009 343 3074 mul
362 3009 471 3095 populi
491 3026 535 3073 ex
549 3008 737 3076 calamitate
750 3008 877 3076 lucrum
888 3007 1039 3076 fecerent
1059 3006 1237 3096 improbum
1254 2995 1345 3083 (hitl-

277 3127 317 3174 so
337 3108 359 3172 l.
382 3125 411 3174 c.
431 3107 498 3193 111,
519 3109 550 3171 2.
571 3129 602 3194 p.
623 3109 722 3192 iou).
770 3103 875 3188 Quam
895 3107 1024 3194 quidem
1044 3107 1251 3178 calliditatem
1268 3104 1345 3182 atque

275 3208 440 3276 vafritiam
460 3206 502 3273 ab
523 3206 715 3276 Aetolorum
737 3213 829 3274 certe
857 3213 1040 3296 systemate
1064 3209 1220 3296 politico,
1240 3206 1274 3272 ut
1297 3197 1353 3286 11⁰⁰,

276 3315 369 3396 utar,
385 3327 457 3376 ‘non
476 3307 658 3374 abhorrere
677 3327 774 3376 nemo
796 3314 864 3398 est,
886 3309 964 3395 quin
985 3308 1156 3378 concedat
1178 3302 1240 3391 (ct.
1252 3293 1344 3382 Polli·

275 3409 322 3499 Π,
335 3411 401 3491 ab)
423 3409 521 3475 Arati
540 3426 622 3476 vero
644 3406 686 3474 ad
703 3407 844 3477 Aetolos
864 3407 908 3476 rle
928 3411 1088 3494 societate
1108 3403 1249 3478 mannia
1266 3401 1345 3484 legl-

197 3561 199 3566 -
276 3512 337 3598 tio,
359 3511 452 3577 cuius
471 3510 613 3576 meminit
631 3509 850 3598 Plutarchus,
879 3529 947 3576 uon
967 3508 1096 3578 violetur
1115 3510 1174 3576 illa
1193 3506 1345 3602 propterfll

201 3635 203 3642 ’
277 3626 318 3677 co
338 3611 440 3677 missa
460 3627 554 3696 esse,
574 3615 611 3682 ut
630 3608 707 3676 inde
727 3610 850 3676 auxilia
869 3611 1075 3699 excitentur,
1102 3608 1164 3678 sed
1193 3611 1227 3674 ut
1255 3591 1345 3668 Aetth

276 3711 390 3796 specie
410 3709 528 3775 saltem
547 3709 710 3776 amicitiae
730 3707 860 3798 decepti
879 3715 1008 3799 tempus
1027 3729 1106 3780 sese
1126 3727 1199 3776 oum
1211 3699 1345 3772 Acbttt‘

276 3829 349 3875 rum
378 3807 528 3874 hostibus
565 3807 797 3899 coniungendi
820 3817 1034 3899 opportunum
1060 3796 1345 3902 praetermitterent

277 3909 334 3975 bix
354 3924 395 3974 co
422 3913 545 3995 autem,
571 3908 657 3994 quod
685 3910 796 3976 Aetoli
829 3912 1014 3989 abnuerunt
1047 3910 1215 3999 suppetias
1243 3897 1345 3990 potent

277 4005 437 4095 praetori,
457 4010 566 4094 magis
587 4006 671 4076 soleo
693 4010 817 4081 clarum
836 4009 889 4097 tit,
909 4011 1056 4078 noluisse
1083 4029 1143 4078 cos
1168 4010 1202 4074 in
1228 3996 1345 4092 pristina

276 4109 438 4175 societate
467 4125 540 4176 cum
568 4109 717 4178 Achaeis
744 4117 915 4202 perstare,
944 4113 1028 4178 satis
1056 4112 1187 4198 inquam
1213 4109 1344 4174 caumata

166 4230 170 4244 ·
278 4225 336 4274 cur
363 4209 589 4279 accessionem
618 4228 731 4278 eorum
761 4209 805 4278 cd
833 4213 972 4279 hostium
998 4217 1113 4298 partas
1140 4197 1344 4274 reformidaret
