2844 4952
690 383 739 396 -
793 349 963 468 ras..-

185 569 186 574 ¹
285 543 384 629 vere,
397 557 502 627 quum
522 539 650 608 Achaei
670 537 799 608 iamed
820 537 1075 629 caphyasuicti
1096 547 1190 610 suna·
1234 534 1324 624 Quod
1346 547 1373 612 si

284 643 386 729 igitur
414 641 572 730 Polybius
601 641 687 708 bollo
714 647 830 708 contra
849 641 1217 730 Messeniossuscepto
1237 644 1373 710 Aetolos
1401 711 1406 740 ι

284 743 381 808 etiam
403 741 642 810 Messeniorum
662 742 763 808 sociis
784 741 902 809 bellum
923 740 1079 807 intulisse·
1093 743 1228 832 scribit,
1259 745 1293 810 in
1312 745 1373 811 hoe

284 842 583 929 anachronismum,
613 860 706 928 quem
734 839 866 929 dicunt,
895 838 1039 928 admisit,
1065 842 1107 915 iis
1128 843 1258 910 scilicet
1278 849 1373 909 ante-

284 944 388 1030 aeptis
412 948 511 1030 atque
537 940 581 1008 ad
610 941 687 1008 belli
719 941 840 1008 initium
869 940 1061 1029 translatis,
1095 955 1180 1030 quae
1205 941 1372 1030 postmodo

284 1048 463 1112 consecuta
481 1046 578 1110 sunt
626 1041 746 1128 Neque
771 1043 895 1128 mirum,
915 1041 1102 1110 Messenios
1128 1060 1151 1108 a
1176 1039 1372 1110 Dorimacho

282 1157 339 1210 res
358 1147 484 1230 raptas
512 1141 706 1230 repetiisse,
727 1161 822 1229 quem
846 1141 1047 1230 praelectum
1067 1141 1216 1232 legatum
1235 1143 1372 1210 Aetolo-

140 1259 142 1266 ’
281 1261 354 1310 rum
374 1241 531 1329 aequasi
550 1241 933 1331 praesidempirataram
953 1243 1096 1330 scirent,
1118 1243 1209 1309 euius
1230 1239 1372 1310 auctori-

281 1341 451 1431 casapuo
480 1342 619 1410 Aetolos
654 1347 777 1428 quanta
804 1343 919 1430 luerit,
949 1343 1004 1408 vel
1030 1360 1074 1408 ex
1103 1343 1372 1430 cointelligitur,

281 1441 368 1530 quod
388 1444 459 1510 eius
480 1447 515 1509 et
542 1439 674 1530 Scopae
700 1443 837 1510 consilio
863 1444 896 1510 iu
920 1441 1183 1529 Peloponnesum
1210 1439 1371 1529 expeditio

193 1587 197 1594 -
280 1545 339 1611 illa
357 1547 515 1630 suscepta
535 1549 598 1610 esa
645 1542 857 1610 Plutarchum
882 1561 964 1610 vero
976 1543 1082 1610 Arati
1102 1543 1204 1609 vitam
1226 1543 1372 1609 conscri-

280 1643 413 1710 bentem
432 1643 513 1710 nihil
533 1641 695 1709 attinebat
715 1659 876 1729 narrare,
903 1641 1061 1728 quomodo
1088 1661 1209 1710 novum
1228 1642 1371 1708 Achaeis

282 1740 446 1810 adversus
466 1742 606 1810 Aetolos
627 1747 775 1810 exortum
795 1743 839 1810 sit
858 1741 994 1829 bellum,
1014 1739 1075 1810 sed
1096 1759 1156 1809 eas
1177 1747 1304 1808 tantum
1321 1748 1371 1808 at·

280 1841 413 1929 tingere
433 1857 508 1928 res,
530 1858 615 1929 quac
634 1843 782 1930 proxime
801 1847 993 1931 spectarent
1012 1842 1161 1910 Aratum
1192 1839 1369 1928 (Clodi.)

323 2075 326 2084 ,
363 2003 488 2088 Quibus
509 2007 637 2096 quidem
657 2007 874 2079 consideratis
894 2009 957 2076 iam
977 2027 1029 2076 me
1050 2029 1118 2076 uon
1139 2009 1274 2095 assequi
1294 2029 1370 2096 pos·

279 2127 318 2176 se
338 2109 440 2178 bbere
460 2109 633 2198 profiteor,
663 2127 721 2176 cur
741 2109 867 2199 Polybii
887 2111 1109 2177 narrationem
1129 2111 1370 2200 impugnaverit

279 2209 409 2289 Lucas,
431 2227 624 2298 quamquam
645 2208 793 2296 equidem
817 2211 951 2278 nescius
972 2229 1039 2278 nou
1060 2231 1149 2296 sum,
1170 2213 1258 2277 hanc
1272 2216 1370 2277 totam

278 2308 551 2398 disquisitionem,
583 2310 785 2398 opinionibus
813 2322 863 2377 ac'
883 2311 1082 2378 coniecturis
1103 2316 1370 2400 superstructum,

278 2411 314 2478 in
334 2429 375 2478 eo
395 2412 544 2494 versari,
566 2416 602 2477 ut
622 2411 793 2500 scriptoris
813 2411 962 2500 antiqui,
983 2429 1079 2498 quem
1092 2431 1200 2479 rerum
1213 2432 1275 2479 suo
1289 2417 1368 2478 tem·

146 2567 150 2576 ,
277 2529 360 2604 pore
380 2514 552 2597 gestarum
572 2511 751 2599 principem
772 2512 959 2579 colebamus
981 2517 1111 2601 testem,
1131 2511 1214 2579 fides
1227 2512 1368 2578 infirme·

277 2616 394 2678 turae
415 2609 613 2700 derogetur,
635 2613 750 2700 quippe
771 2613 824 2699 qui
843 2632 904 2700 pro
925 2631 963 2679 re
984 2618 1019 2680 et
1038 2613 1285 2706 narrationibus
1305 2612 1369 2678 suis

276 2708 492 2779 defendendis
530 2712 660 2799 patroni
702 2712 810 2779 otiicia
850 2712 987 2799 amplius
1021 2714 1190 2800 suscipere
1218 2720 1368 2800 nequeat,

184 2833 193 2847 ‘
277 2812 406 2881 etiamsi
426 2829 470 2878 ex
491 2811 562 2878 eius
576 2810 689 2878 verbis
703 2813 782 2878 talia
798 2813 1001 2879 extricentur
1014 2817 1114 2898 atque
1128 2811 1368 2902 contingantur,

278 2930 413 3005 quorum
433 2911 489 2978 vel
509 2929 553 2978 ne
574 2912 726 3000 opinione
739 2911 867 2998 quidem
881 2911 1053 3000 quidquem
1067 2919 1251 3003 auguratus
1265 2913 1367 2980 buerit.

360 3042 477 3109 Aetoli
492 3043 582 3110 circa
602 3039 782 3130 Cytheram
802 3043 1019 3114 llaecdonum
1046 3063 1167 3114 navem
1186 3047 1368 3114 onerariam

275 3143 487 3230 intercipiunt
505 3162 548 3210 ac
567 3142 732 3232 vendunt,
761 3146 855 3233 Epiri
883 3151 918 3212 et
943 3146 1157 3213 Acarnaniae
1176 3146 1292 3212 littora
1312 3145 1368 3212 de-

275 3242 491 3332 populantur,
519 3244 665 3331 inprimis
692 3243 806 3311 urbem
834 3245 1000 3332 Thyreum
1019 3243 1155 3340 (Polyb.
1177 3244 1368 3332 XVlI,1b,

275 3344 350 3435 a),
370 3345 461 3439 vecti
480 3341 766 3432 Cephalleniorum
786 3345 937 3412 rombus.
978 3342 1111 3431 clano,
1131 3347 1167 3414 in
1186 3363 1275 3434 agro
1295 3347 1367 3416 Me-

157 3489 160 3496 ,
275 3445 501 3534 galopolitano
521 3461 602 3511 arce
621 3445 803 3532 potiuntm,
824 3462 920 3532 quam
939 3449 1050 3514 nmen
1072 3447 1286 3534 Timoxenus,
1305 3447 1366 3515 ite-

275 3564 348 3610 rum
368 3543 578 3612 Achaeorum
604 3548 755 3632 praetor,
780 3549 816 3612 et
827 3577 830 3582 Α
842 3544 983 3634 Taurio,
1012 3548 1066 3634 qui
1095 3545 1316 3619 Macedonum
1335 3547 1366 3610 in

275 3644 506 3732 Peloponneso
526 3642 701 3732 praesidiis
721 3649 894 3733 praeerat,
913 3664 989 3712 mox
1007 3647 1168 3734 recipiunt
1186 3643 1243 3740 (ο.
1261 3650 1295 3734 6,
1314 3648 1365 3731 4.).

274 3741 406 3810 Deinde
425 3744 537 3813 Aetoli
557 3745 600 3810 ab
611 3744 788 3812 Antirrhio
808 3733 912 3830 (Xen'
924 3747 1055 3814 Hellen.
1068 3746 1129 3836 IV,
1142 3751 1174 3837 i,
1187 3751 1239 3813 14.
1254 3745 1364 3837 Suab.

276 3841 321 3910 Π.
350 3863 382 3930 p.
403 3846 475 3910 141.
496 3841 548 3912 ed.
569 3844 717 3912 Tauchu.
745 3843 910 3914 Mannert.
930 3847 953 3913 l.
974 3865 1004 3914 c.
1024 3846 1117 3915 vlla
1138 3871 1170 3936 p.
1192 3850 1266 3914 1⁰8.
1297 3848 1364 3914 Lu-

276 3957 337 4006 cas
357 3941 380 4006 l.
400 3959 430 4007 c.
445 3964 483 4030 p.
501 3944 612 4010 oecN.
634 3947 664 4009 1.
701 3945 860 4034 llelviog.
880 3947 903 4012 l.
925 3963 1007 4034 c.·p.
1028 3950 1099 4013 171.
1119 3947 1164 4014 Ν.
1185 3941 1247 4038 A]
1267 3947 1364 4014 Pelo-

235 4065 238 4070 ·
277 4058 459 4128 pounesum
479 4042 636 4132 ingressi,
656 4046 797 4112 vastatis
808 4048 1071 4134 Patraeensium,
1089 4046 1363 4132 *Pharaeensium

276 4137 497 4226 Dymaeorum
516 4144 628 4231 agris,
649 4143 832 4234 Phigaliam
853 4147 993 4233 abeunt,
1022 4146 1098 4214 irrdo
1125 4147 1364 4216 Messeniorum

279 4239 362 4310 lines
383 4241 601 4330 populabundi
621 4252 842 4334 peragrantes
863 4248 907 4331 (e.
927 4249 958 4312 d.
979 4246 1064 4319 Plut·
1086 4247 1233 4352 Arabo.
1255 4248 1331 4333 dt).
1359 4287 1363 4298 ι
1409 4245 1413 4253 “
