2844 4952
638 391 714 419 ‘-
764 367 838 444 236
887 403 936 417 -·
998 431 1016 448 .,

255 562 515 633 contentionibus
535 579 600 628 uon
620 561 723 647 potuit
744 560 897 627 retinere.
921 557 1034 626 Unde
1054 563 1196 646 propter
1217 561 1336 627 naono-

135 711 137 721 .
254 665 340 731 diam
360 669 394 730 et
414 663 553 729 animum
572 661 791 748 praefractum
817 658 859 726 ad
879 658 1036 726 militares
1057 656 1235 725 videbatur
1255 678 1336 746 quan

253 763 297 832 ad
318 767 431 832 civiles
452 767 543 828 artes
563 757 843 828 accommodatior.
868 759 1000 826 Etenim
1016 759 1110 824 brevi
1124 759 1214 825 inter
1227 777 1336 846 aequa-

252 865 305 932 les
326 884 404 931 suos
425 862 540 930 enituit
565 865 599 928 et
619 857 757 925 audacia
788 864 822 926 et
841 858 1008 926 laboribus
1028 859 1063 925 in
1082 857 1241 926 venando
1262 861 1335 927 tole-

158 1011 185 1054 ἵ.
252 962 375 1031 randis.
396 961 541 1043 Maxime
560 977 642 1026 vero
670 961 734 1024 ianr
761 958 837 1026 inde
857 976 879 1025 a
898 978 1001 1047 puero
1023 957 1065 1025 ad
1085 977 1161 1025 rem
1182 953 1335 1026 militarem

251 1083 377 1156 pronus
397 1061 454 1127 iuit
474 1064 573 1146 atque
594 1077 634 1126 eo
655 1075 739 1146 qnae
761 1057 984 1126 conducerent
1004 1056 1201 1146 disciplinas
1215 1063 1335 1126 adacta·

252 1163 350 1228 batur
369 1159 527 1250 gnaviter
547 1159 581 1223 in
601 1149 701 1223 armis
715 1177 754 1224 se
768 1175 931 1224 exercens
952 1163 987 1224 et
1006 1156 1178 1244 equitandi
1199 1161 1334 1226 seientia

251 1263 338 1330 Erat
358 1258 472 1328 autem
487 1262 521 1326 et
548 1259 583 1323 in
609 1259 681 1345 ipso
707 1259 797 1324 victu
822 1263 997 1324 accuratus
1025 1260 1115 1326 etin
1137 1261 1334 1346 omniappa·

170 1444 177 1450 ι
252 1365 327 1428 ratu
346 1359 453 1436 tenuis
476 1354 612 1450 (Polyb.
633 1359 691 1443 Xl,
713 1352 795 1449 lib).
958 1365 961 1368 ’

333 1459 511 1545 Postquam
531 1461 765 1544 praeceptores
792 1459 921 1546 reliquit
949 1475 1021 1524 cum
1042 1459 1175 1525 civibus
1197 1460 1264 1523 suis
1283 1476 1333 1524 ex·

249 1559 467 1649 peditionibus
495 1556 623 1624 tirrtivis
651 1555 694 1622 ad
715 1557 938 1648 praedandum
959 1559 1155 1626 incursabat
1176 1559 1258 1624 lines
1276 1559 1333 1624 ba·

251 1659 402 1744 comicae,
424 1675 543 1744 corpus
558 1657 861 1744 exercitationibus,
884 1659 1026 1724 animum
1047 1660 1190 1726 curabat
1208 1659 1332 1725 lectione

252 1759 429 1826 carminum
438 1755 696 1842 Homericam,
711 1749 886 1848 ‘Euangeli
908 1762 1214 1828 commentariorum
1234 1758 1331 1826 dein-

251 1855 411 1924 struenda
432 1857 521 1945 acie,
542 1855 726 1923 Alexandri
746 1857 971 1952 historiarum,
998 1879 1068 1928 rem
1087 1879 1182 1950 ,vero
1209 1859 1330 1926 famila-

252 1975 324 2024 rem
344 1975 388 2024 ex
408 1975 491 2024 arvo
512 1953 667 2023 studebat
687 1957 864 2026 iustissimo
886 1965 1025 2046 quaestu
1046 1979 1187 2052 angere.

334 2053 437 2138 erum
458 2059 522 2124 iam
543 2074 703 2124 annorum
723 2059 863 2148 triginta
889 2065 981 2127 esset
1008 2057 1133 2154 [natus
1162 2060 1245 2130 enim
1270 2061 1329 2124 erat
1397 2069 1398 2078 ¹

249 2158 313 2222 258
332 2175 363 2224 a
385 2155 462 2226 Chr.
484 2163 630 2224 mortuus
652 2163 705 2224 est
725 2160 787 2223 183
800 2176 830 2224 a
847 2157 947 2251 (ihr.)
966 2161 1203 2252 Megalopolim
1225 2156 1328 2224 adver-

120 2297 123 2303 ·
249 2278 308 2325 sus
331 2256 539 2326 Cleomenem
559 2255 712 2323 defendit.
761 2257 864 2326 Paulo
884 2265 960 2347 post
979 2261 1014 2326 in
1033 2277 1153 2348 pugna
1172 2257 1215 2326 ad
1234 2251 1328 2324 Sella-

113 2445 116 2450 ,
250 2359 334 2442 siam
354 2359 483 2424 fortiter
503 2377 576 2424 eum
596 2356 772 2424 dimicasse
792 2360 1025 2448 comperimus.¹
1045 2360 1143 2454 Bello
1159 2357 1327 2446 composito,

251 2459 327 2544 qnia
349 2457 583 2545 obtorpesoere
605 2462 638 2523 et
658 2457 769 2524 feriari
788 2459 925 2549 pigebat
953 2479 1043 2548 eum,
1074 2457 1279 2528 exercendae
1301 2459 1327 2520 et

174 2589 179 2606 ·
249 2555 458 2640 meditandae
478 2557 591 2646 gratia
611 2558 661 2622 rei
687 2555 881 2640 bellicaein
903 2556 1042 2628 Cretam
1056 2564 1226 2628 militatum
1245 2555 1325 2624 navi·

249 2657 355 2746 gavit.
396 2655 460 2723 Ubi
480 2661 649 2744 postquam
670 2657 774 2746 longo
795 2662 901 2749 spatio
923 2679 995 2728 cum
1015 2663 1097 2729 viris
1119 2658 1279 2729 bellicosis
1296 2671 1326 2718 se

188 2801 194 2809 ι
249 2757 349 2844 atque
377 2759 464 2826 omni
489 2775 618 2846 genere
644 2761 787 2827 astutiae
813 2779 906 2828 arma
931 2751 1152 2829 tractantibus
1179 2759 1324 2840 vitamque

197 2925 199 2930 ,
249 2859 348 2924 etiarn
369 2863 436 2926 orm
455 2856 649 2924 ducentibus
663 2857 865 2928 moderatam
878 2866 913 2930 et
926 2861 1119 2928 adstrictam
1133 2855 1324 2934 excoluisset,

115 2993 119 3003 ,
198 3021 200 3026 .
249 2957 333 3026 adeo
362 2958 457 3026 rediit
488 2957 619 3023 celeber
649 2956 692 3024 ad
717 2946 891 3050 Achaeos,
916 2967 953 3028 nt
982 2963 1147 3052 extemplo
1174 2959 1324 3026 crearetur

195 3120 198 3124 .
248 3059 411 3146 magister
442 3058 591 3144 equitum.
642 3053 746 3136 Quum
770 3055 897 3146 equites
923 3067 1032 3130 autem
1052 3062 1255 3151 accepisset,
1280 3049 1322 3137 qui

246 3175 373 3247 pravos
394 3163 428 3224 et
448 3157 553 3246 exiles
576 3173 677 3242 equos
698 3151 950 3248 subitariosqne.
967 3163 1114 3230 instante
1135 3153 1323 3246 expeditione

249 3259 434 3346 arriperent
465 3261 563 3342 atque
592 3258 654 3344 ipsi
678 3257 767 3325 llere
794 3261 1163 3354 militiamdeiugerent
1194 3259 1322 3337 aliosque

182 3381 184 3386 ’
247 3356 446 3447 delegarent
459 3358 622 3444 vicarios,
653 3365 746 3425 esset
776 3360 875 3426 etiam
899 3361 1079 3449 singularis
1106 3359 1240 3430 omniun
1263 3367 1321 3418 ean

247 3459 388 3548 ignavia
420 3458 541 3525 inertia
569 3475 673 3545 eaque
702 3456 965 3528 dissimulassent
1000 3465 1080 3528 ante
1105 3455 1318 3550 'magistratus

250 3559 336 3647 quod
356 3561 444 3626 inter
462 3557 620 3625 Achaeos
639 3550 810 3646 plurimum
836 3560 964 3646 equites
989 3561 1152 3649 pollerent
1178 3574 1217 3623 aa
1235 3565 1318 3642 prae-

194 3721 196 3726 ,
247 3659 341 3746 eipue
355 3657 522 3746 arbitrium
541 3657 703 3724 haberent
722 3659 881 3726 honorum
901 3677 942 3726 ae
957 3663 1149 3747 poenarum,
1170 3645 1318 3721 non'sub·

200 3814 203 3824 ,
246 3757 495 3838 misitanimurn
515 3775 624 3843 neque
643 3759 812 3846 elanguit,
837 3755 898 3825 sad
925 3777 998 3836 oum
1024 3756 1141 3847 oppida
1166 3739 1317 3820 lustrando

247 3860 318 3924 tum
345 3857 497 3947 siugulos
519 3851 665 3924 'iuvenes'
701 3857 848 3925 seorsim'
871 3856 914 3924 ad
947 3857 1077 3924 laudem
1101 3845 1266 3924 excitando
1290 3841 1317 3903 ei

247 3955 446 4046 castigando
466 3957 627 4045 ignavos,
649 3961 741 4042 quos
754 3975 878 4045 cogere
897 3956 981 4046 'opus
1001 3961 1104 4044 esset,
1124 3939 1317 4022 exercitatio·

245 4055 343 4123 nibus
364 4062 398 4122 et
418 4055 719 4141 transvectionibus
745 4061 843 4143 atque
864 4060 983 4124 mutuis
1003 4055 1090 4124 inter
1108 4059 1197 4144 ipsos
1217 4045 1312 4114 oeitt·

244 4152 405 4240 minibus,
433 4152 487 4218 ubi
513 4152 686 4240 spectandi
706 4173 727 4221 a
747 4156 892 4244 plurimis
921 4159 1053 4242 essent,
1083 4154 1180 4220 miros
1196 4145 1326 4247 'nervos'

245 4253 340 4324 brevi
361 4254 629 4342 alacritatemque
650 4247 815 4344 inpressit
836 4257 961 4329 eunctis
973 4263 985 4345 ,‘
1005 4261 1053 4344 et,
1070 4249 1207 4342 'quadiu
1219 4239 1309 4308 disti·
