2842 4950
613 365 662 382 -
711 325 784 466 aas
835 303 890 380 -'

200 505 337 620 sparsos
368 525 530 614 ilabebat,
558 521 676 611 quibus
700 521 772 609 ipse
792 519 959 608 particeps
979 519 1062 586 lucri
1082 521 1212 586 scelere
1232 516 1300 586 hu·

199 625 336 700 iusmodi
370 627 457 714 parti
491 641 602 708 arcem
637 639 679 688 ae
717 620 881 708 retugium
915 614 1071 706 Spartam
1105 619 1299 706 praebebat.

199 724 369 799 Eiusmodi
390 739 543 792 caussam
564 721 683 788 bellum
709 737 837 806 quoque
853 736 937 784 uoum
963 717 1151 786 Arcadibus
1182 717 1300 785 habuit

200 815 337 921 [Polyb.
365 825 472 911 xlii,
497 824 601 886 o-a
632 804 1046 908 i011.xv1,1a,1.a.p
1088 819 1166 906 lpse
1187 815 1229 884 ie
1257 835 1300 884 se

199 924 431 1014 praedicabat,
457 940 496 990 se
516 915 755 986 multitudinem
774 919 887 986 servis
905 915 1085 984 liberandis
1106 918 1243 984 auxisse
1262 923 1309 984 et

201 1023 378 1115 egentibus
404 1002 560 1088 divisisse
588 1017 707 1109 agrum
771 1015 867 1106 (Liv.
899 1013 1078 1106 XXXIV,
1113 1019 1174 1105 81,
1209 1012 1300 1106 le).
1393 1089 1398 1096 „

198 1126 317 1194 Plures
351 1141 425 1212 eum
457 1123 493 1188 in
527 1121 636 1186 insula
670 1115 787 1188 (irata.
810 1115 1003 1208 possedisse
1042 1117 1145 1196 urbes
1177 1117 1301 1186 livius

202 1221 402 1315 (XXXIV,
421 1223 481 1309 ab,
501 1219 558 1309 a.)
580 1223 735 1288 testatum
756 1219 895 1307 reliqna

197 1348 200 1353 ·
282 1323 459 1410 Postquam
487 1319 633 1408 Spartae
661 1339 791 1408 moros,
822 1319 879 1407 qui
910 1315 1082 1385 nemum
1110 1321 1146 1384 et
1169 1314 1302 1404 Pyrrho

201 1425 277 1492 olim
306 1421 573 1512 oppugnantibus
599 1420 806 1488 tumultuario
837 1435 939 1506 opere
967 1417 1130 1484 exstructi
1154 1415 1302 1503 memet,

200 1525 288 1590 tales
309 1517 477 1587 faciendos
499 1519 643 1605 curavit,
674 1525 710 1585 ut
739 1517 820 1585 nihil
849 1519 978 1586 omnino
999 1515 1043 1583 ad
1064 1535 1176 1584 eorum
1196 1515 1303 1582 mmi-

199 1631 301 1692 tatem
321 1619 567 1688 desideraretur
586 1615 706 1712 [Pauus.
729 1618 806 1706 Vll,
825 1621 857 1684 8.
877 1613 941 1710 a),
960 1619 1073 1688 socius
1094 1635 1190 1704 quum
1204 1625 1309 1684 esset

127 1769 142 1796 -,
199 1723 412 1808 Aetolorum„
443 1719 626 1788 Illiensium
663 1735 704 1786 ac
732 1719 975 1787 Messeniorum
1002 1720 1109 1806 iisque
1138 1717 1303 1806 omnibus,

73 1811 80 1824 ’
198 1824 253 1890 ubi
273 1839 356 1909 opus
377 1825 488 1907 esset,
517 1837 590 1886 cum
619 1837 663 1886 ex
693 1820 876 1888 iuramento
908 1819 1098 1888 solemniter
1124 1817 1303 1907 praestito,

200 1931 269 1989 tum
289 1939 333 1988 cx
359 1917 514 2006 loedere,
544 1937 639 2006 opem
665 1919 754 1987 ferre
783 1925 970 2007 teneretur,
997 1919 1203 1987 nihilominus
1224 1917 1305 1982 cal-

201 2028 278 2089 cata
298 2022 384 2090 omni
403 2018 468 2088 fide
487 2019 730 2089 Messeniorum
760 2021 874 2088 urbem
893 2021 1027 2088 nolam
1040 2023 1307 2108 aggressusest

200 2120 301 2216 (ante
328 2121 449 2190 Maium
476 2137 623 2204 mensem
650 2123 712 2186 201
735 2137 765 2186 a.
795 2119 875 2189 Oba.
903 2137 985 2187 vere
1014 2119 1118 2214 igitur
1147 2121 1304 2212 ineunte3

200 2225 240 2292 ci.
269 2222 368 2290 Paus.
403 2219 503 2307 Vlll,
536 2222 594 2308 bd,
623 2221 655 2284 b.
689 2221 764 2288 coll.
791 2220 862 2308 IV,
891 2221 1011 2308 29st
1052 2219 1139 2286 Plut.
1170 2219 1305 2308 Philap.

202 2342 230 2390 c.
238 2319 289 2386 12.
310 2321 424 2408 Polyb.
434 2319 530 2409 XVI,
540 2323 591 2408 18,
599 2322 630 2409 8.
645 2326 680 2386 et
691 2337 719 2386 c.
732 2323 783 2386 lo.
796 2327 867 2390 etc.
876 2323 926 2388 lt.
947 2321 1024 2390 Idu.
1035 2316 1173 2409 XXIX,
1184 2319 1304 2406 12,st

198 2420 377 2508 XXXIV,
397 2413 481 2510 82).
523 2420 690 2513 Messene·
702 2427 736 2490 et
757 2422 831 2490 hilis
852 2427 951 2488 extra
972 2421 1147 2489 concilium
1165 2419 1303 2488 Achai-

200 2540 272 2588 cum
301 2526 398 2588 crant
426 2527 460 2586 et
489 2537 563 2587 cum
589 2521 719 2588 Aetolis
746 2521 948 2610 sentiebant,
978 2527 1017 2590 ut
1042 2521 1156 2588 scribit
1182 2521 1321 2589 Liuia·

201 2619 399 2714 (XXXVI,
425 2622 478 2684 81.
498 2615 616 2711 ωιτη).
658 2623 706 2691 lilt
727 2638 867 2690 caussas
888 2621 1034 2710 quidem,
1060 2639 1122 2688 cur
1139 2619 1306 2690 Messenii

201 2723 244 2788 ab
266 2719 475 2788 Achaeorum
490 2723 629 2790 concilio
644 2725 783 2789 seorsim
804 2727 961 2813 agerent,
991 2721 1094 2788 relert
1113 2720 1305 2789 Pausanias

199 2825 235 2890 in
264 2823 483 2889 Messemacis
510 2819 601 2915 (IV,
631 2817 715 2914 hta).
756 2825 850 2891 Inter
876 2823 1017 2892 Aetolos
1046 2841 1130 2890 vero
1159 2825 1193 2889 et
1222 2821 1306 2888 nn-

76 2934 81 2944 ’
199 2923 325 2989 denses
351 2923 509 3012 cognatio
542 2922 702 3009 quaedam
733 2923 960 2992 intercedebat
988 2923 1105 2992 eodem
1132 2921 1306 2991 Pausania

200 3028 336 3088 auctore
364 3022 400 3088 in
429 3021 605 3090 Arcadicis
636 3021 758 3116 (vin,
785 3027 837 3089 49.
870 3031 955 3091 extr.
986 3025 1027 3090 ef.
1052 3021 1166 3090 Stoab.
1198 3021 1304 3110 VIII,

198 3143 230 3212 p.
256 3123 329 3186 ddi.
359 3127 394 3188 et
421 3123 494 3188 868.
524 3128 558 3189 et
584 3121 780 3212 Schweigh.
806 3123 850 3190 ad
877 3125 991 3211 Polyb.
1017 3123 1124 3213 XVI,
1154 3125 1214 3210 18,
1235 3119 1303 3214 1.)

121 3245 123 3250 ·
180 3223 254 3314 *Ae
283 3226 381 3288 nocte
410 3219 539 3309 quidem
569 3224 778 3312 inopinantes
805 3225 993 3292 Messenios
1022 3217 1159 3292 adeius
1188 3224 1302 3291 Nabis

199 3321 315 3420 urbem
336 3321 401 3388 mm
421 3327 524 3390 totam
545 3331 681 3411 praeter
701 3343 814 3392 arcem
834 3332 980 3414 ceperat.
1022 3314 1105 3392 'l'um
1133 3329 1209 3392 erat
1227 3323 1301 3411 pri-

200 3426 299 3488 vatus
319 3423 575 3512 Philopoemen,
601 3433 671 3494 nee
685 3427 764 3494 ,ullis
786 3428 888 3514 copiis
909 3431 1074 3517 praeerat.
1116 3421 1179 3504 om
1200 3442 1301 3510 quum

197 3527 385 3609 praetorem
412 3523 640 3614 Achaeorum,
674 3531 711 3594 ut
740 3544 834 3614 opem
862 3525 966 3594 ferret
996 3525 1196 3612 Messeniis,
1230 3541 1302 3592 nou

63 3622 67 3628 ’
199 3623 303 3708 potuit
328 3623 508 3712 Lysippum
529 3622 609 3715 (qni
628 3631 763 3716 praetor
783 3630 857 3694 erat
878 3645 900 3694 a
919 3627 1011 3703 Maio
1029 3629 1093 3694 2⁰2
1106 3643 1137 3692 a
1152 3621 1232 3694 Chr.
1255 3623 1302 3691 ad

196 3720 319 3790 Maium
338 3725 400 3788 abl
423 3741 453 3790 a.
476 3722 556 3792 chr.
576 3749 618 3790 ι.-
639 3721 690 3792 01.
711 3729 789 3816 184,
810 3727 868 3813 Ἃ,
890 3726 931 3792 ci.
951 3726 1073 3814 Bayer.
1094 3723 1116 3793 1.
1126 3729 1161 3792 c.
1176 3747 1210 3812 p.
1223 3727 1301 3792 884.

194 3817 311 3885 Vales.
333 3829 367 3888 et
388 3821 583 3912 Schweigh.
605 3825 648 3891 ad
668 3811 784 3914 Polyb.
805 3825 910 3914 XVI,
931 3829 989 3914 18,
1010 3829 1041 3892 t.
1063 3831 1099 3894 et
1119 3821 1226 3912 XVI,
1243 3826 1297 3890 88.

171 3918 702 4012 *Monsol.c.111,a.p.aoe.
735 3923 877 3994 Schoru.
898 3927 920 3991 l.
942 3945 970 3992 e.
991 3947 1022 4018 p.
1044 3927 1116 3992 2⁰9.
1136 3925 1181 3992 N.
1211 3924 1298 3991 salso

151 4067 155 4080 t
194 4019 331 4108 Lysippi
351 4029 539 4109 praeturam
560 4031 709 4092 removet
729 4024 772 4094 ad
793 4022 847 4094 til.
869 4029 950 4111 144,
972 4031 1012 4114 Ἰ,
1033 4028 1054 4091 ἰ.
1076 4043 1105 4093 e.
1126 4025 1298 4090 Pol-2⁰⁰

106 4181 114 4190 .
196 4137 227 4187 a.
250 4119 353 4210 Chr.)
375 4121 559 4212 inducere,
574 4125 648 4212 quia
669 4128 768 4214 plane
789 4133 897 4193 aetum
917 4125 1091 4195 dictitabat
1109 4123 1295 4212 deoppido,

135 4304 138 4322 Ι
193 4219 279 4309 quod
298 4227 451 4292 tenerent
472 4224 605 4314 hostes,
631 4227 705 4317 ipse
729 4229 845 4300 statuit
869 4227 1066 4316 subvenire,
1094 4227 1165 4296 suis
1192 4225 1295 4292 comi-
