2864 4960
583 309 586 319 ·
645 323 694 350 -.·
736 262 832 366 ιιι
892 323 941 340 -

245 506 305 558 res
325 487 369 554 aa
390 484 579 558 Corinthun
599 483 719 572 gessit
760 481 870 550 Etiam
888 479 1018 548 Nemea
1038 479 1181 548 hiberna
1201 479 1260 582 01
1273 486 1337 574 lat,

247 593 266 654 1
288 587 354 659 huc
379 588 467 656 trahi
492 605 560 652 non
580 588 729 670 possunt.
776 581 926 648 Nemeo
947 581 1087 650 maxime
1107 599 1200 668 anno
1220 583 1338 652 Aratus

160 674 162 688 Κ
248 707 322 756 cum
341 687 470 754 Aetolis
491 683 610 756 bellum
629 682 748 771 gessit
790 680 1005 772 Plutarchus,
1035 687 1072 748 ut
1098 682 1206 748 semel
1225 701 1337 750 narra-

247 787 369 854 tionem
389 786 576 853 instituerat
596 779 638 850 de
658 780 759 848 rebus
779 780 939 870 Argivis,
969 780 1017 846 ita
1047 799 1121 848 eam
1149 789 1338 870 persecutns

247 891 318 974 est,
340 904 461 972 resque
480 880 784 972 Megalopolitanos
805 885 840 946 et
859 873 1019 967 Lydiadis
1044 881 1232 970 subiunxit,
1251 879 1338 950 deni-

247 1005 329 1076 que,
350 985 436 1074 quod
457 984 612 1052 omiserat
633 1000 673 1048 eo
693 981 729 1046 in
749 999 917 1068 sermone,
937 980 1121 1048 Aetolicum
1149 982 1272 1084 bellum
1290 990 1338 1050 at-

248 1087 357 1176 tingit
399 1082 568 1152 Sanet
533 1087 568 1150 et
593 1081 753 1168 Aristippi
773 1078 895 1146 caedes
915 1085 950 1146 et
968 1079 1128 1167 Lydiadis
1152 1101 1212 1160 res
1234 1075 1338 1150 omnes

246 1191 324 1275 post
343 1185 452 1252 isthuc
480 1183 599 1249 bellum
626 1177 840 1248 collocandae
861 1184 953 1266 sunt,
987 1201 1056 1250 non
1079 1183 1160 1248 item
1188 1183 1246 1248 illa
1271 1183 1337 1249 Ne·

246 1302 330 1352 mea.
381 1284 532 1370 Neque'
521 1303 555 1348 m
575 1281 707 1348 tertium
728 1297 850 1346 aunum
871 1275 922 1347 01.
940 1281 1002 1344 186
1022 1279 1172 1348 incidere
1192 1286 1336 1370 poterant

127 1391 131 1400 '
247 1385 332 1450 haec
351 1382 496 1470 Nemea,
516 1386 592 1470 post
612 1380 796 1462 Aetolicum
816 1379 953 1468 helhum,
975 1383 1126 1467 quoniam
1140 1379 1268 1449 duobus
1281 1399 1337 1447 an·

208 1552 211 1557 s
247 1485 300 1552 nis
321 1488 400 1550 ante
421 1481 614 1570 etamplius
642 1481 832 1570 Antigonus
860 1479 1010 1548 Corratas
1024 1501 1101 1551 rex
1120 1483 1189 1548 iarn
1210 1483 1336 1565 obierat,

248 1601 344 1671 quem
364 1587 433 1648 tu'm
452 1581 606 1668 maxime,
638 1599 734 1666 quum
754 1598 815 1647 eas
835 1598 892 1646 res
910 1578 953 1646 ad
968 1580 1116 1648 charete
1127 1583 1243 1670 gessit
1254 1581 1351 1646 Ara-¹

247 1689 318 1772 tus,
345 1682 556 1770 superstitem
580 1679 684 1746 fuisse
711 1679 908 1746 Plutarchus
929 1677 1088 1748 declarat.
1140 1673 1335 1748 Dodwe'llius

214 1847 217 1852 ,
248 1782 397 1848 rationes
418 1780 622 1869 perturbavit
641 1775 833 1872 (in-Cyclis
852 1801 884 1866 p.
905 1781 977 1843 32&
1006 1779 1046 1844 cf.
1072 1779 1188 1868 Bayer
1213 1781 1235 1846 l.
1263 1796 1290 1844 o.
1308 1799 1334 1865 p.

247 1884 320 1948 81⁰.
341 1874 423 1972 sq..)
464 1880 552 1946 Elrat
571 1883 681 1946 autem
701 1877 818 1948 eodem
840 1897 927 1946 anno
949 1876 1026 1970 (01.
1049 1883 1121 1969 184,
1143 1881 1191 1966 8)
1219 1881 1335 1948 Aratus

248 1981 380 2050 tertium
399 1984 543 2068 praetor.

330 2081 434 2151 Paulo
449 2086 525 2168 post
540 2099 637 2166 quum
646 2081 772 2147 Aratus
786 2083 1011 2169 comperisset,
1033 2083 1239 2171 Aristippum
1244 2075 1334 2148 Cleo-

234 2200 314 2250 ,nas
335 2200 413 2248 esse
435 2185 698 2268 oppugnaturum
728 2178 789 2247 sed
809 2179 980 2250 sedentem
1000 2201 1039 2248 se
1060 2179 1211 2250 Corinthi
1237 2179 1334 2248 sormi-

122 2367 124 2374 ,
249 2281 343 2369 dare,
366 2279 558 2349 Cenchreas
580 2282 760 2347 exercitum
780 2278 882 2346 duxit.
924 2282 1114 2369 Aristippus
1130 2284 1233 2372 igitur
1247 2276 1334 2346 Cleo-

249 2399 314 2450 nas
343 2381 453 2446 statim
484 2400 523 2446 se
550 2381 703 2468 contulit,
733 2379 795 2447 sed
822 2382 948 2448 Aratus
979 2387 1080 2448 noctu
1104 2401 1180 2448 eum
1201 2373 1335 2448 exercitu

180 2559 181 2566 ἵ
251 2479 436 2550 Cenchreis
467 2481 551 2546 clam
577 2479 743 2568 profectus
766 2481 949 2596 improviso
980 2484 1178 2570 supervenit
1196 2487 1335 2568 tyranno,

253 2600 349 2668 quem
368 2581 473 2648 orsum
493 2581 707 2668 fugatumque
728 2581 803 2670 oapi
822 2582 926 2648 iussit.
969 2577 1040 2660 Quo
1061 2583 1151 2650 lacto
1172 2582 1215 2648 ad
1229 2579 1334 2667 Myce-

253 2698 317 2748 uas
338 2699 360 2748 a
369 2681 564 2770 Tragisco,
586 2677 741 2748 Cretensi
762 2679 921 2770 quodam,
950 2700 1024 2748 eum
1043 2682 1249 2750 interfectum
1268 2693 1334 2746 csse

253 2785 395 2848 testatur
414 2779 540 2848 Dinias.

335 2877 408 2948 Sed
433 2899 477 2948 ne
496 2885 572 2968 post
592 2880 679 2946 hanc
700 2879 828 2966 quidem
848 2881 1018 2950 victoriam
1049 2857 1248 2970 caedemque
1274 2880 1333 2945 Ar-

252 2999 319 3070 gos
338 2981 488 3068 recipere
509 2979 611 3067 potuit
631 2980 778 3071 Aratus,
798 2982 909 3070 Agias
930 2983 1016 3049 enim
1035 2991 1070 3050 et
1086 2979 1333 3062 Aristomachus,

253 3079 339 3146 alter
368 3080 437 3146 eius
465 3079 622 3167 nominis,
658 3081 712 3165 qui
744 3082 924 3148 exercitum
953 3100 1107 3172 opugna
1135 3081 1333 3160 reduxeruut,

122 3180 129 3194 ‘
184 3225 187 3232 ·
253 3197 364 3246 rerum
384 3179 589 3268 Argivarum
607 3180 701 3264 potiti
721 3186 808 3246 sunt.
848 3180 935 3248 lllud
955 3188 1067 3248 tamen
1086 3183 1287 3272 impetravit,
1305 3179 1334 3240 ut

255 3297 351 3366 quam
372 3277 534 3360 rebusad
555 3276 702 3345 Charete
728 3279 859 3346 fluvium
883 3283 993 3368 iniquo
1021 3282 1131 3352 Marte
1157 3281 1267 3371 gestis
1281 3273 1333 3342 sihi

255 3381 459 3448 conflaverat
478 3376 632 3444 invidiam
654 3380 886 3469 conviciaque,
908 3381 1023 3467 quibus
1043 3382 1282 3463 lacessebatur,
1299 3388 1334 3440 ea

254 3477 398 3546 funditus
429 3479 523 3566 quasi
556 3479 756 3564 exstirparet
782 3486 881 3567 atque
906 3501 1038 3547 suorum
1068 3481 1175 3549 denuo
1207 3491 1334 3544 amorem

256 3577 321 3644 sihi
342 3573 552 3666 conciliaret,
582 3580 779 3664 praesertim
799 3569 927 3668 quum,
944 3583 974 3647 si
993 3581 1077 3651 fides
1098 3589 1151 3650 est
1170 3567 1333 3648 Plutarcho

256 3673 300 3769 (l.
323 3693 351 3742 o.
372 3678 544 3766 27-29.)
572 3677 743 3768 habenda,
774 3699 819 3746 ne
852 3702 950 3747 unum
981 3681 1108 3770 quidem
1136 3685 1198 3754 hoc
1224 3673 1333 3770 proelio

258 3777 424 3844 amisisset
443 3776 592 3865 militem,
612 3776 752 3846 hostium
773 3799 854 3866 vcro
875 3781 942 3851 MD
965 3781 1173 3852 cecidissent.

632 3955 762 4044 Bellum
787 3985 975 4050 Aetolicum.

310 4070 549 4144 Achaeorum
569 4095 627 4144 res
649 4097 744 4165 quum
764 4083 888 4148 maiora
908 4085 942 4150 in
969 4083 1041 4152 dies
1062 4088 1218 4175 caperent
1236 4083 1332 4146 incre·

193 4186 195 4192 ·
258 4173 385 4263 menta,
406 4175 518 4244 Aetoli
523 4195 642 4265 ,gens
665 4196 707 4246 ea
726 4185 923 4268 tempestate
945 4183 1116 4256 adnorlum
1137 4176 1289 4266 valida,
1279 4189 1332 4240 ιιι]
