2844 4952
658 267 1065 394 -ouo-'

252 513 400 586 chaiculu
442 515 583 581 montem
616 527 719 600 prope
756 505 1003 578 uotmoenstum
1045 507 1161 578 urcem
1198 506 1334 598 mleque

208 655 209 658 π
250 627 378 685 omnem
391 612 612 684 circensium
626 613 661 678 ot
674 609 818 698 Aegium
830 607 1001 696 regionem
1014 603 1215 676 devastavit.
1235 605 1339 688 Quum

247 735 329 788 vero
350 731 413 783 nee
434 713 588 779 civitates
608 710 711 777 tantis
731 699 825 777 malis
845 711 984 776 affectrm
1003 725 1068 776 nec
1081 710 1199 778 milites
1213 710 1339 795 stipen-

248 813 311 882 diis
337 812 532 880 intermissis
560 807 603 875 erl
629 825 724 896 opem
737 797 918 874 'terendam
944 805 1063 894 promti
1096 811 1213 878 esseut
1245 805 1340 892 idque

248 913 345 980 umius
367 912 463 1004 eulpa
488 909 651 996 praetoris
678 912 778 992 atquo
807 906 962 994 muenia,
989 907 1158 993 nperutus
1186 912 1341 994 proeturc

248 1031 288 1079 se
308 1009 476 1078 abdicavit
498 1015 532 1075 et
552 1009 680 1074 Aratus
708 1015 804 1094 pater
833 1011 980 1094 tempore
1011 1006 1212 1074 comttlorum
1237 1023 1340 1094 eppe-

248 1117 341 1180 tente
369 1109 581 1178 Achaeorum
609 1110 746 1194 praetor
775 1111 908 1174 creatus
939 1110 992 1170 cst
1020 1105 1163 1191 quintum
1183 1105 1341 1174 decimum

187 1263 190 1273 ,
250 1227 334 1278 vere
354 1211 490 1276 ineunte
509 1209 573 1271 21⁸
592 1225 623 1272 a.
646 1201 724 1296 Chr.
745 1200 882 1298 (Polyb.
904 1204 952 1294 V,
972 1207 1032 1292 8⁰,
1052 1207 1083 1270 t.
1105 1223 1134 1273 e.
1154 1209 1217 1292 eu,
1240 1210 1270 1271 1.
1291 1209 1341 1294 tte,

194 1344 196 1347 ·
247 1302 301 1400 L]
326 1305 646 1402 (Syuchrorrismum
672 1302 751 1372 vide
777 1301 866 1390 apud
894 1302 1065 1392 Polybium
1078 1301 1138 1392 ¹V,
1164 1305 1228 1392 29,
1259 1307 1292 1368 8.
1310 1309 1340 1369 a

245 1425 276 1476 e.
290 1409 349 1474 ee.
1036 1413 1041 1426 ⁴

273 1523 275 1528 ·
329 1401 424 1586 Qme
448 1506 560 1570 hocas
587 1498 632 1592 (l.
655 1519 683 1568 e.
704 1523 736 1590 p.
758 1495 855 1592 ne.)
877 1501 1020 1591 Polybio
1050 1502 1097 1570 ihi·
1122 1503 1203 1570 vitio
1230 1505 1341 1590 vertit,

247 1605 397 1697 equidem
418 1606 529 1694 potius·
539 1623 607 1670 non
621 1601 814 1670 excusanda
826 1603 941 1691 solum,
961 1622 1077 1672 uerum
1091 1605 1191 1670 etiam
1202 1603 1345 1670 laudan-

142 1747 144 1758 ι
245 1703 290 1772 da
309 1686 394 1772 duco
415 1722 502 1770 esse.
547 1701 700 1790 scriptor
721 1703 807 1768 euim
827 1705 987 1792 propositi
1007 1710 1111 1772 tenax
1133 1701 1343 1771 Achaeorum

187 1844 190 1850 ,
245 1806 376 1872 nominc
401 1806 590 1872 universam
615 1804 702 1870 illius
721 1804 797 1870 aevi
824 1802 1033 1872 Graecorum.
1054 1804 1227 1872 historiam
1254 1823 1345 1872 com-

246 1905 421 1992 plectitur,
453 1905 564 1994 itaque
604 1905 772 1971 connectit
790 1903 994 1972 Aetolorum
1027 1923 1154 1990 quoque
1184 1923 1243 1972 res
1274 1897 1345 1971 cum

234 1995 458 2070 Achaeorum
480 2004 607 2092 gestis,
635 2009 669 2070 et
690 1997 777 2070 bello
797 2002 923 2070 demum
946 2005 1060 2072 sociali
1079 2005 1170 2071 finito
1183 1999 1345 2074 hlaeerlo-

246 2101 475 2190 na'rurursuS,
502 2107 539 2170 ut
566 2104 601 2169 in
631 2103 688 2170 illa
716 2105 862 2193 imagine
887 2104 965 2173 milri
992 2103 1120 2190 quidem
1140 2121 1184 2170 ne
1203 2105 1345 2191 minima,

245 2207 282 2270 ut
309 2202 384 2269 hoe.
400 2209 494 2290 utar,
527 2203 615 2270 linea
643 2202 764 2272 deesse
793 2203 955 2283 videatur.
1013 2200 1124 2284 Quare
1159 2196 1344 2283 ἀπόδειξιν

247 2303 363 2368 dommi
382 2303 469 2368 inter
489 2309 625 2370 veteres
640 2305 819 2392 scriptoris
856 2296 1101 2396 πραγματικήυ
1129 2321 1189 2372 cur
1225 2323 1344 2392 suspe-

250 2406 336 2476 ctum
357 2400 453 2466 nobis
482 2398 624 2468 reddere
644 2403 718 2490 vir,
753 2409 899 2470 ceterum
933 2403 1134 2472 humanitate
1163 2405 1346 2492 excellens,

251 2495 595 2591 tantopore-studeat,
618 2519 758 2590 prorsus
780 2521 846 2570 non
865 2505 1039 2598 perspicio.

333 2897 460 2964 Aratus
490 2902 627 2986 praetor
655 2893 751 2988 quum
781 2901 991 2978 Achaeorum
1010 2901 1130 2970 mrlites
1149 2904 1348 2992 peregrinos

251 2997 385 3062 licentia
405 2996 607 3092 depravatos
629 3017 707 3066 esse
721 3000 888 3088 urbesque
908 3004 1059 3090 segniter
1081 3001 1246 3092 stipendia
1268 3022 1348 3070 con·

252 3093 677 3184 terrehnimcdvertisset,
704 3118 745 3166 ee
773 3099 905 3168 tandem
931 3101 1157 3168 cohortatione
1184 3104 1348 3190 promovit

253 3194 425 3282 Achaeos,
457 3201 494 3262 ut
521 3201 595 3262 oete
621 3197 723 3264 millia
750 3201 950 3288 quingentos
971 3202 1104 3268 militnm
1123 3204 1349 3270 mercenario-

253 3307 344 3380 rum,
370 3295 437 3362 tria
467 3295 566 3360 millia
597 3301 767 3366 trecentos
787 3301 1007 3389 Achaeorum,
1028 3303 1230 3392 noningentos
1252 3304 1349 3388 quun-

254 3395 414 3482 quoginta
433 3393 784 3483 Megalopolitanorum
802 3395 1071 3488 Argivorumquc
1097 3401 1232 3470 totidem
1252 3403 1349 3469 alcu-

253 3489 315 3563 dur
335 3491 573 3581 decernerent,
594 3496 753 3582 simulque
783 3505 819 3564 ut
846 3501 980 3566 navium
1010 3507 1080 3568 tres
1110 3503 1201 3568 circa
1226 3503 1349 3568 Aetam

254 3595 289 3656 et
309 3586 505 3679 Argolicam
526 3594 647 3682 sinum,
676 3601 746 3662 tres
767 3615 883 3662 rursus
903 3601 990 3668 aliae
1010 3602 1101 3668 circa
1119 3601 1252 3690 Patres,
1272 3601 1348 3690 Dy-

254 3705 340 3753 uuam
361 3697 396 3756 et
416 3693 538 3782 maria,
560 3693 645 3780 quae
664 3695 739 3762 illas
769 3697 928 3785 regiones
957 3701 1107 3788 alluunt,
1130 3709 1348 3769 versarentur

253 3788 301 3869 (c,
319 3789 399 3869 eh).

318 3885 440 3959 'Paulo
460 3895 537 3976 post
555 3891 749 3981 Lycurgum,
772 3911 816 3963 ox
835 3897 968 3966 Aetolis
988 3897 1208 3987 sponsurus
1230 3899 1347 3986 liphn-

252 3982 303 4053 rls
322 3993 517 4076 revocatum,
546 3991 581 4057 in
600 3983 803 4061 lles'seniam
822 3999 987 4087 irrumpit,
1008 3998 1158 4086 idemque
1178 4001 1347 4095 quominus

252 4073 381 4150 laceret
399 4085 558 4175 Pyrrhia
576 4089 841 4179 eypurosenses
865 4098 1091 4187 inpedimento
1111 4101 1213 4168 inere.
1255 4099 1346 4166 Ara-

253 4188 309 4250 tus
324 4185 432 4273 'igitur
451 4188 706 4279 Messeniorum,
725 4195 1087 4294 Megalopolitanorum,
1110 4197 1344 4285 Tegeatarum,
