2864 4960
472 361 771 488 -10'77
841 351 872 394 ⁸

86 577 300 674 κατασκευὴν,
320 585 349 672 Ι,
368 586 466 670 2,16.
484 583 706 672 16,1.ΙΙ,27,
725 586 756 648 2.
772 579 858 676 cet.)
871 589 905 652 et
918 581 1169 674 duodequadra-

84 693 168 854 guiuta
193 686 395 774 posteriores
421 676 506 776 (τήν
534 682 630 758 [δίαν
651 687 711 751 καὶ
733 677 980 775 αἰιοόεικτικῆιι
1001 686 1169 772 ἱστορίαν,

84 781 214 876 J
220 781 407 868 mtercedrt,
429 783 602 872 postulare
618 785 780 874 opinatur,
802 791 838 882 ut
850 785 1020 874 Polybium
1040 789 1169 876 priores

87 833 150 954 ill’os
169 893 248 953 ante
268 883 418 954 Corinthi
440 883 648 950 eversionem
669 873 900 986 composuisse,
922 888 983 954 hos
1004 907 1086 956 vero
1107 899 1170 1002 po·
1282 923 1286 934 ·

84 990 230 1056 steriorcs
252 986 368 1052 exciso
388 985 514 1050 demum
536 975 695 1052 Corimbo
716 985 939 1071 Acbmaque
928 1007 963 1054 ιιι
979 987 1172 1074 provinciae

83 1087 239 1154 formulam
260 1085 398 1153 redacta
419 1091 453 1153 et
472 1089 596 1152 mutato
615 1083 743 1172 quidem
757 1084 923 1154 scribendi
937 1087 1072 1154 consilio
1088 1103 1171 1153 con·-

80 1186 191 1254 didisse
212 1193 405 1266 statuamus,
447 1184 593 1252 Positum
613 1189 722 1252 cutem
742 1203 820 1252 esse
840 1183 919 1252 illud
943 1183 1148 1254 discrimen'
1136 1207 1171 1254 ιιι

16 1319 19 1380 ι
80 1288 114 1350 iis
133 1285 284 1354 laudibus
304 1287 466 1372 animique
488 1285 599 1351 calore
620 1302 662 1350 ac
680 1285 812 1353 fervore
832 1285 1073 1374 propemodum,
1098 1287 1173 1383 qui-

82 1387 135 1452 bus
154 1387 324 1454 Romanos
346 1403 521 1472 eorumque
541 1401 597 1451 res
622 1391 742 1474 gestus
763 1393 862 1472 atqua
888 1387 1031 1475 gloriam
1051 1404 1171 1474 prose·

80 1483 1169 1578 quatur(1,u4.s.ao,11.1ass,o.11sss-nacon.

78 1588 133 1669 lll,
153 1588 206 1676 16,
227 1590 314 1678 ro),
334 1605 399 1653 nec
419 1587 524 1652 minus
546 1585 746 1653 contineri
735 1588 776 1652 ris
797 1587 980 1662 sententiis
993 1591 1087 1654 certe
1106 1605 1173 1654 non

79 1689 116 1753 ab
136 1689 224 1755 omni
253 1691 350 1775 parte
379 1685 548 1774 tristibus,
577 1703 660 1772 quas
686 1685 729 1754 de
749 1687 877 1776 patriae
899 1685 1086 1756 conditione
1106 1706 1173 1753 uon

76 1788 126 1854 illu
155 1785 286 1876 quidem
315 1805 454 1875 prorsus
484 1786 658 1852 nubiloso
678 1793 807 1853 moesta
826 1787 937 1854 tulerit
967 1784 1041 1882 (Ἠ,
1061 1789 1120 1876 m,
1141 1788 1172 1852 8.

38 1885 40 1893 ’
76 1891 129 1976 62,
155 1892 188 1954 4.
219 1887 293 1955 coll.
324 1887 383 1974 42,
409 1889 504 1952 6-6.
535 1871 637 1978 cetJ3
670 1904 754 1973 quoe
781 1888 890 1954 omnio
908 1888 1015 1986 minps
1036 1887 1173 1954 tularem
1273 1930 1275 1936 .

76 1990 215 2076 speciem
244 1986 323 2054 inde
351 2005 373 2054 a
400 1989 504 2055 tertio
527 1986 610 2054 libro
641 2005 737 2074 quum
764 1986 930 2054 induerint
956 2006 998 2054 ac
1025 2005 1113 2076 prae
1134 2007 1173 2054 se

73 2089 176 2156 ierant
203 2085 378 2202 (bucael.
400 2105 429 2154 o.
451 2109 483 2175 p.
505 2081 661 2176 16-22.)
682 2088 773 2153 certo'
794 2084 1034 2175 demonstrare,
1056 2093 1185 2190 aucto-¹

72 2209 137 2256 rem
165 2193 200 2255 et
228 2189 335 2254 minus
356 2186 553 2254 benevolum
572 2186 733 2255 Romanis
754 2189 789 2252 et
809 2203 960 2253 moerore
980 2183 1024 2253 dc
1043 2185 1172 2275 patriae

71 2287 234 2356 deteriore
254 2285 441 2356 conditione
462 2288 565 2354 offuso
586 2291 744 2373 tanquam
760 2285 931 2374 lugentem
944 2289 1049 2356 officio
1064 2287 1173 2354 bisto-

71 2391 190 2456 riarum
217 2385 529 2460 conscribendarum
558 2387 779 2475 satisfecisse,
810 2389 973 2476 animique
1003 2388 1173 2456 affecbbus

73 2509 137 2556 non
166 2487 271 2555 solum
300 2484 479 2554 indulsisse
499 2487 630 2554 nimium
650 2485 712 2556 sed
733 2489 832 2555 etiam
853 2491 1078 2577 succubuisse,
1100 2490 1173 2576 qui-
1270 2517 1274 2528 ·

73 2590 132 2656 bus
153 2606 219 2656 uec
240 2593 391 2655 veterum
412 2583 622 2702 Thucydides
644 2593 678 2653 et
698 2587 847 2675 lacibus,
870 2609 935 2658 uec
955 2591 1175 2658 recentiorum

69 2691 234 2758 lohannes
263 2687 483 2760 Muellerus
472 2687 785 2774 1mparesiuissent
815 2685 962 2781 (Luel.
986 2683 1173 2780 c.p.18.J.

152 2789 329 2856 Assentior
349 2784 498 2874 equidem
517 2785 561 2853 de
581 2783 779 2889 discrimine,
799 2805 867 2856 non
880 2789 936 2857 illo
951 2787 1080 2876 quddem
1092 2810 1173 2876 pro-

69 2896 185 2979 pterea
204 2894 294 2976 orto,
315 2885 401 2976 quod
420 2886 579 2974 Polybius
608 2876 777 2956 scribendi
798 2889 968 2970 consilium
988 2895 1045 2956 aut
1064 2895 1174 2956 mota·
1226 2891 1228 2896 '

72 2992 176 3077 verit,
207 2994 264 3055 aut
284 2989 423 3056 alteram
444 2987 554 3074 operis
575 2993 702 3075 portem
723 2995 802 3055 ante
822 3006 945 3056 annum
965 2993 1043 3078 146,
1072 2990 1172 3056 rebus

70 3091 281 3158 Achaeorum
302 3088 410 3156 adhuc
437 3089 535 3155 laetis
555 3107 597 3156 ac
617 3091 800 3178 stantibus,
829 3091 969 3158 alteram
989 3097 1065 3181 post
1085 3091 1173 3159 buno

71 3209 194 3257 annum
214 3192 423 3280 exaraverit,
443 3189 508 3256 hoc
528 3191 615 3256 enim
634 3189 802 3277 Polybius,
817 3191 852 3256 ni
870 3191 978 3280 fallor,
998 3192 1055 3260 vel
1069 3193 1172 3259 verbo

68 3291 283 3382 iudicaverit,
313 3288 374 3357 sed
403 3293 498 3378 ipsae
518 3309 575 3356 res
595 3295 717 3380 gestae
737 3307 915 3378 earumque
935 3293 1083 3360 narratio
1104 3295 1172 3358 tale

68 3389 249 3459 discrimen
273 3393 329 3458 vel
358 3392 461 3459 invito
490 3393 653 3479 scriptore
679 3393 880 3460 excitavere.
910 3390 1061 3460 ‘Scilicet
1081 3392 1174 3457 libris

68 3493 234 3578 prioribus
262 3490 389 3559 duobus
418 3493 554 3581 exponit
584 3493 782 3559 brevissima
811 3491 940 3578 quidem
969 3509 1034 3558 nec
1061 3497 1173 3558 tamen
1278 3557 1282 3566 ,

69 3596 176 3661 minus
207 3597 367 3660 accurata
392 3595 584 3661 narratione
612 3607 670 3659 res
697 3601 776 3659 onte
808 3589 859 3659 01.
881 3595 944 3657 lto
968 3597 1107 3680 gestus,
1138 3597 1175 3658 ut

69 3693 249 3762 lectoribus
270 3695 335 3761 hae
354 3694 595 3762 introductione
615 3695 792 3783 imaginem
808 3712 917 3760 rerum
933 3699 1012 3759 onte
1026 3701 1175 3760 actarum

70 3799 235 3882 proponat
266 3813 390 3880 eosque
422 3793 606 3862 admonitos
637 3811 679 3861 ac
709 3801 927 3882 praeparatos
956 3813 997 3861 eo
1026 3793 1174 3862 feliciore

70 3911 233 3960 successu
253 3893 345 3960 velut
374 3895 409 3960 in
434 3894 602 3984 theatrum,
630 3893 898 3983 spectaculumve
926 3913 1035 3961 rerum
1055 3901 1175 3983 postea

70 4000 324 4062 consecuturum
343 3993 487 4061 inducat.
529 3994 711 4062 Audiamus
731 3997 834 4082 ipsum
857 4002 1034 4082 auctorem,
1056 4001 1092 4060 ut
1111 3993 1173 4061 de-

68 4099 278 4162 monstrasse
290 4097 410 4184 potius,
421 4113 517 4182 quam
528 4098 735 4164 coniectassa
746 4096 831 4163 haec
842 4095 1019 4163 videamur.
1041 4091 1172 4180 „Quor-

69 4213 154 4283 sum,
175 4197 279 4284 inqrrit
298 4193 365 4292 (ll,
385 4199 438 4285 71,
459 4199 489 4260 l.
510 4191 575 4286 2}
601 4195 842 4266 Cleomenicum
863 4195 951 4278 istud
969 4195 1088 4261 bellum
1099 4194 1174 4281 plu-

71 4295 165 4363 ribus
186 4302 241 4363 est
269 4313 291 4362 a
317 4296 414 4364 nobis
438 4287 649 4386 expositum?
690 4293 774 4377 Quia
795 4295 953 4381 nimirum,
973 4311 1071 4380 quum
1091 4293 1175 4360 baec
