2864 4960
596 343 972 441 '-sl-

276 561 364 628 lllaio
385 577 499 626 mense
519 559 589 624 iniit
611 554 661 624 01.
685 559 755 647 llll,
775 559 798 621 2
815 555 888 652 (oi.¹
900 557 1013 646 Polyb.
1030 553 1074 648 V,
1086 561 1184 650 bhv.
1200 565 1236 627 et
1249 559 1367 654 crab),
1416 611 1417 620 ,

274 673 341 729 non
361 661 449 748 anni,
471 657 532 726 sed
554 678 615 724 sex
636 663 761 724 tantum
781 658 948 745 mensium,
961 659 1067 746 spatio
1089 661 1297 729 circumacto*
1310 661 1366 730 de-
1416 699 1417 706 1

273 762 455 850 posuisset,
482 757 515 824 id
536 761 657 846 ipsum,
679 759 810 846 opinor,
838 755 894 824 vel
914 757 1019 824 verbo
1039 763 1193 826 notasset
1212 760 1365 848 Polybius

216 907 217 910 ,
272 860 306 924 in
326 857 535 924 Achaeorum
556 862 654 942 atque
674 859 707 922 in
728 857 824 922 Arati
844 856 1055 947 potissimum
1071 857 1173 924 rebus
1204 877 1365 927 enarran-

271 955 321 1022 dis
342 963 409 1022 tam
421 955 578 1042 sedulus,
607 960 706 1021 utne
727 954 861 1020 minoris
882 951 1010 1040 quidem
1030 951 1185 1023 niomenti
1206 977 1265 1025 res
1286 960 1364 1026 obli·
1416 1007 1417 1050 3

238 1116 242 1122 ,
269 1043 464 1144 visceretur,
486 1058 605 1146 quippe
625 1057 679 1141 qui
699 1055 839 1122 Aratum
858 1073 971 1124 morae
991 1057 1216 1144 impatientem
1237 1064 1365 1144 quinque
1416 1133 1417 1140 ἵ

269 1161 376 1223 diebus
404 1159 484 1222 ante
513 1161 641 1246 tempus
671 1158 791 1224 iustum
820 1163 969 1244 quartam
996 1155 1156 1226 decimam
1176 1153 1364 1246 praeturam
1416 1241 1417 1244 Ἴ

249 1257 380 1322 ¹iniisse
401 1255 580 1342 scripserit.
622 1253 700 1320 Non
720 1271 882 1342 negamus
897 1253 1025 1342 quidem
1037 1263 1166 1346 tempus
1180 1260 1361 1348 suscipien-
1416 1297 1417 1344 p

267 1354 330 1421 dae
357 1359 535 1442 praeturae
555 1353 656 1420 rebus
683 1352 844 1441 gerendis
870 1354 971 1420 luisse
999 1355 1128 1422 min'nne
1148 1355 1312 1442 idoneum,
1332 1363 1362 1423 et
1416 1383 1417 1448 ξ

154 1457 162 1480 ’
265 1453 433 1519 Romanos
463 1455 496 1518 in
520 1458 683 1540 tempore,
712 1472 775 1540 quo
797 1455 950 1521 consules
971 1473 1107 1524 munere
1127 1457 1225 1546 iungi
1247 1474 1361 1544 coepe-
1416 1463 1417 1554 l

267 1554 343 1638 rint,
375 1553 565 1618 nonlbisse
587 1558 780 1620 constantes
801 1548 1090 1643 deprehendimus,
1118 1562 1152 1623 et
1173 1558 1286 1646 magis
1306 1575 1361 1622 ac·

268 1651 501 1720 commodatum
521 1653 625 1718 fuisse
645 1651 723 1717 illud
742 1657 881 1741 tempus,
896 1672 959 1740 quo
971 1655 1083 1721 Aetoli
1096 1663 1274 1742 praetores
1288 1677 1360 1722 suos
1416 1657 1417 1732 l

268 1766 384 1818 creare
406 1753 615 1842 consuerint,
636 1747 697 1818 sed
718 1747 806 1839 apud
819 1753 975 1820 Achaeos
989 1759 1101 1821 tamen
1115 1757 1183 1821 alia
1199 1757 1361 1824 obtinebat
1416 1743 1417 1778 ¹

159 1877 161 1887 Δ
265 1853 367 1940 ratio,
396 1853 475 1937 iam,
504 1853 538 1916 ni
568 1853 680 1940 fallor,
709 1853 838 1942 minime
865 1871 1050 1941 propensos
1071 1852 1115 1920 ad
1135 1873 1180 1921 ea
1200 1853 1360 1941 imitanda,
1416 1895 1417 1956 ,

266 1971 350 2039 quae
362 1953 413 2019 'ab
434 1954 564 2020 Aetolis
585 1957 721 2040 recepta
742 1957 848 2020 erant.

346 2089 465 2193 Neque
485 2105 526 2170 iis
547 2107 761 2192 assentimur,
787 2122 872 2192 quae
893 2111 1010 2172 contra
1031 2105 1220 2174 tibatonem
1238 2105 1283 2174 ad
1302 2123 1359 2172 an·
1416 2093 1417 2146 i

263 2227 339 2277 num
359 2208 421 2270 221
443 2223 474 2272 a.
496 2204 573 2274 Chr.
595 2225 639 2272 ex
659 2204 786 2292 Polybii
799 2201 974 2296 locis(lV,
994 2207 1045 2271 87.
1067 2212 1102 2274 et
1122 2205 1165 2294 V,
1189 2203 1242 2300 l.)
1263 2207 1358 2275 conii-

264 2311 423 2395 cientem,
453 2305 662 2373 Achaeorum
691 2310 865 2392 praetores
890 2323 957 2372 non
987 2324 1118 2394 semper
1138 2307 1231 2376 Maio
1251 2322 1358 2374 mense

263 2409 378 2476 iniisse
397 2409 627 2495 magistratum
647 2426 755 2493 suum,
775 2403 912 2472 sedalio
933 2425 1048 2473 mense
1068 2408 1189 2473 seriori
1209 2414 1358 2494 tempore,

263 2510 361 2576 istam
380 2514 491 2574 tamen
511 2509 720 2575 mutationem
746 2510 823 2592 post
844 2521 964 2572 annum
986 2502 1114 2572 demum
1136 2509 1201 2572 lca
1222 2527 1253 2574 a.
1275 2505 1356 2594 Chr,

263 2627 326 2694 quo
348 2626 436 2675 anno
458 2606 571 2674 Archo
592 2609 781 2692 praeturam
800 2601 890 2670 Maio
912 2606 1087 2672 etiamnum
1113 2627 1230 2692 mense
1245 2625 1356 2696 capes-

264 2708 381 2776 siverit
401 2703 463 2799 (ei.
479 2725 531 2794 ap.
547 2725 621 2772 eum
633 2722 753 2770 annum
767 2693 828 2767 loa
843 2707 877 2768 et
891 2704 954 2768 loc
967 2721 997 2768 a.
1011 2693 1124 2797 Chr),
1145 2727 1226 2776 esse
1246 2723 1356 2774 susce-

264 2813 353 2895 ptam
384 2807 623 2894 sancitamque,
654 2802 837 2891 disputavit
868 2799 1053 2872 Schornius
1082 2804 1126 2900 (l.
1148 2827 1177 2875 c.
1207 2832 1238 2898 p.
1259 2801 1355 2894 411).

265 2907 408 2989 Primum
439 2908 526 2972 enim
554 2903 709 2972 Schornii
739 2905 960 2972 coniecturam
988 2905 1030 2973 de
1056 2909 1198 2976 Hostilio
1219 2906 1355 2988 consule,

267 3027 363 3094 quum
392 3015 503 3074 tamen
530 3025 568 3073 re
597 3023 681 3072 vera
709 3009 801 3071 esset
827 3009 1025 3095 proconsul,
1052 3028 1120 3074 non
1141 3010 1355 3098 agnoscimus,

267 3105 385 3174 deiude
406 3109 494 3175 intra
514 3105 681 3174 Archonis
701 3109 879 3193 praeturae
899 3107 1018 3172 tertiae
1029 3111 1178 3196 spatium,
1194 3106 1281 3198 quod,
1291 3112 1354 3172 ter-

155 3199 157 3204 ’
267 3210 409 3290 minatur
435 3209 522 3278 Maio
550 3225 664 3272 mense
696 3207 774 3272 anni
800 3208 822 3270 8
850 3212 885 3274 et
910 3209 933 3270 4
954 3203 1004 3273 01.
1029 3209 1101 3294 152,
1123 3208 1186 3275 has
1208 3201 1265 3275 res
1286 3219 1355 3271 esse

266 3317 387 3404 gestas
408 3311 622 3378 arbitramur:
664 3306 770 3374 Attali
789 3305 905 3396 legati,
917 3307 1073 3394 Polybius
1085 3309 1221 3406 legatus
1237 3307 1279 3374 ad
1291 3307 1355 3373 lto-

266 3431 437 3486 manorum
447 3409 636 3495 exercitum,
645 3406 906 3476 Ptolemaeorum
915 3409 1052 3496 legatio,
1066 3408 1195 3476 Achaei
1208 3407 1355 3494 Sicyone·

134 3543 135 3548 ¹
267 3517 350 3583 Post
375 3513 496 3582 Maium
525 3509 652 3575 demum
681 3521 829 3571 mensem
849 3501 1036 3593 01.r152,4
1061 3514 1170 3575 actum
1196 3508 1239 3575 de
1265 3507 1355 3592 lega-

270 3619 360 3686 tione
379 3616 414 3679 in
435 3613 627 3700 Aegyptum
646 3606 812 3674 mittenda
830 3603 904 3700 (ef.
924 3601 959 3695 S.
978 3602 1054 3698 98.)

337 3765 471 3849 Neque
492 3759 635 3829 clintoni
653 3756 733 3824 blod
751 3757 903 3826 lubenter
920 3757 1139 3847 concedimus,
1152 3765 1286 3848 propter
1298 3770 1353 3822 va-

272 3869 341 3934 rias
361 3881 470 3929 rerum
489 3860 753 3948 perturbationes
782 3865 910 3944 tempus
931 3864 1118 3945 praetorum
1139 3857 1352 3936 creandorum,

41 3975 44 3982 “
141 3993 146 4000 ·
272 3972 307 4033 et
333 3963 450 4030 seriori
478 3958 605 4046 quidem
624 3964 771 4046 tempore
790 3959 1005 4047 potissimum,
1026 3978 1092 4025 non
1112 3977 1243 4048 semper
1262 3971 1354 4022 accu-

272 4064 437 4134 ratissime
458 4061 678 4148 observatum,
700 4066 734 4125 et
754 4077 985 4146 nonnunquam
1004 4059 1078 4150 'sive
1092 4059 1190 4147 bello,
1203 4060 1274 4125 sire
1295 4052 1353 4119 alia

272 4161 473 4234 necessitate
500 4161 659 4247 urgente,
688 4161 878 4248 neglectum
898 4174 986 4248 esse,
1008 4177 1103 4246 quum
1124 4155 1353 4226 5111511οὰ151-

125 4264 127 4270 ’
159 4283 204 4346 ’ἰῇ
260 4265 413 4356 22emplum
433 4281 495 4330 nos
517 4263 609 4328 certe
630 4277 698 4327 non
718 4261 907 4348 repperisse
925 4261 1032 4330 libere
1050 4258 1281 4338 confiteamur„
