2864 4960
445 344 742 418 ...99-

16 519 18 556 ⁵
129 541 157 602 l.
178 525 330 626 Tempus,
353 553 416 620 quo
436 533 608 622 scripserit
625 531 782 620 Polybius
802 533 958 604 historias
979 551 1071 606 suas:

135 638 185 704 Ao
211 633 557 724 Schweighaeuserns
589 629 717 719 quidem
746 631 790 700 ad
817 635 931 724 Polyb.
958 635 1004 724 11,
1030 635 1083 722 88,
1103 637 1143 702 ιι

68 735 239 825 „Ceterum
275 735 395 822 inquit,
426 731 511 820 quod
543 733 577 798 in
610 738 681 800 tota
714 731 948 824 disputatione,
978 753 1074 822 qoam
1100 733 1146 804 do

68 837 195 906 Achaeis
209 836 348 902 instituit
361 834 527 921 Polybius,
542 833 589 900 ita
601 833 742 918 loquitur
757 833 800 902 de
813 833 964 904 Foedere
983 835 1145 924 Achaico,

67 943 200 1022 tunquam
221 942 339 1004 stante
365 933 472 1002 adhua
499 940 598 1020 atque
623 933 760 1002 llorente
790 935 855 1025 (ei.
885 955 913 1004 o.
934 938 993 1025 87,
1021 938 1074 1002 1o.
1093 956 1144 1026 sq.

68 1043 93 1102 et
110 1056 135 1102 o.
153 1040 205 1124 62,
225 1041 257 1101 4.
288 1054 468 1122 rursusque
489 1034 544 1101 lib.
574 1032 635 1122 lV,
657 1053 686 1100 o.
707 1037 765 1122 aa,
785 1039 816 1100 b.
838 1033 929 1127 sip),
956 1038 1038 1106 satis
1067 1036 1146 1106 hino

66 1137 253 1226 intelligitur,
269 1139 395 1226 scripto
409 1135 559 1222 editaque
573 1135 658 1202 haeo
679 1136 850 1223 aPolybio
871 1155 956 1204 esse¹
969 1145 1048 1204 ante
1063 1137 1146 1206 Bol-

65 1234 116 1302 lom
133 1237 332 1324 Achaicum,
362 1243 460 1324 atque
481 1235 565 1303 adeo
587 1237 716 1302 omnino
737 1241 818 1303 ante
837 1253 958 1304 novam
978 1238 1066 1306 illam
1086 1257 1165 1326 res

65 1355 121 1400 ron
140 1340 403 1424 conversionem,
424 1355 520 1424 quam
539 1342 636 1425 parte
651 1337 835 1424 posteriore
848 1338 1000 1426 propriae
1014 1345 1048 1404 et
1061 1338 1146 1412 ube-

65 1436 143 1502 rioris
161 1457 243 1505 suae
264 1439 438 1525 historiae,
467 1457 555 1506 novo
585 1435 751 1524 scribendi
777 1439 868 1506 initio
895 1445 1001 1506 sumto
1021 1435 1079 1532 (ut
1099 1439 1147 1508 ait

64 1534 163 1624 ΠΜ,
190 1536 267 1632 13.)
300 1536 530 1626 exponendam
558 1540 715 1626 suscepit
767 1535 849 1606 Cum
882 1557 945 1626 quo
980 1539 1146 1627 conuenit,

65 1635 133 1719 quod
152 1639 242 1718 initio
262 1639 339 1704 libri
359 1639 467 1726 primi,
484 1638 540 1704 ubi
560 1633 695 1726 primum
717 1640 896 1706 institutum
917 1659 1009 1707 suum
1031 1645 1066 1707 et
1086 1657 1147 1706 ar·
1256 1718 1261 1727 Ι

64 1743 234 1824 gumentmu
269 1737 480 1806 historiarum
511 1756 644 1806 suarum
677 1742 827 1828 exponit,
856 1741 963 1808 velut.
982 1743 1146 1834 ignorans

65 1837 142 1904 etiam
168 1845 252 1927 tum,
282 1856 366 1923 quae
393 1843 467 1924 post
488 1844 591 1927 gesta
615 1845 708 1924 sunt,
738 1839 907 1908 historiam
928 1859 1022 1908 suam
1040 1859 1148 1928 usque

16 1949 18 1962 ¹
64 1933 96 1998 ad
114 1939 233 2004 ιιιιιιιιι-
252 1937 333 2005 belli
352 1939 489 2030 Persioi,
510 1959 578 2024 quo
595 1935 638 2006 ad
658 1959 814 2006 summum
837 1942 1005 2030 fastigium
1026 1948 1150 2008 evecta

63 2039 125 2102 turo
143 2045 214 2106 erat
235 2039 386 2127 potentia
404 2037 642 2126 Romanorum,
666 2057 706 2106 se
726 2037 957 2126 perducturum
977 2040 1147 2127 professos

65 2143 111 2202 est
149 2138 274 2208 Confer
301 2155 386 2224 qnae
412 2140 503 2206 initio
533 2138 649 2204 barum
677 2136 931 2206 Adnotationum
952 2138 1091 2206 diximus
1111 2140 1147 2205 ιιι

64 2235 253 2326 Argumento
276 2241 453 2306 unmersae
473 2239 632 2312 historiae
645 2233 877 2326 Polybianae,
873 2245 907 2306 et
922 2256 1007 2325 quae
1025 2235 1144 2306 diaeo

65 2340 105 2402 tur
122 2338 161 2407 ad
178 2341 225 2428 ll,
245 2329 352 2436 ιιι.
395 2335 505 2419 Quare
527 2339 625 2406 simul
647 2339 789 2454 intelligi
819 2337 935 2427 debet,
968 2357 1025 2426 ea,
1060 2356 1147 2425 quae
1230 2379 1233 2392 ·

64 2431 129 2504 dixit
152 2459 225 2529 oap.
246 2443 281 2504 8.
303 2423 386 2506 eid.
406 2439 495 2505 libri
506 2439 612 2526 tertii,
639 2444 673 2506 et
698 2440 728 2505 si
749 2457 815 2525 qua
842 2441 927 2506 sorte
954 2439 1021 2505 alia
1046 2439 1148 2527 priori

63 2543 141 2620 utute
158 2540 381 2626 historiarum,
401 2545 458 2606 aut
478 2540 720 2627 praeparationi
741 2538 825 2628 huic,
847 2558 931 2626 quae
943 2539 998 2605 lib.
1012 2539 1040 2605 Ι.
1055 2544 1089 2604 et
1101 2539 1147 2604 Il.

64 2639 266 2726 contuentur,
278 2640 406 2708 inserta
418 2646 506 2727 sunt,
523 2657 608 2726 quae
619 2641 805 2728 posteriora
826 2646 974 2726 tempora
993 2635 1147 2704 redolere

63 2728 228 2830 uideantur,
252 2757 296 2808 ea
315 2741 509 2828 postliminio
531 2739 659 2809 demum
671 2739 802 2808 adiecta
822 2740 866 2808 ab
884 2744 1020 2804 anctore
1031 2738 1148 2823 misse,

64 2853 142 2922 quun
154 2861 285 2912 novam
298 2841 507 2908 historiarum
520 2859 653 2908 suarum
665 2839 852 2929 editionem,
865 2839 1040 2929 posteriori
1052 2840 1150 2952 parta

64 2947 175 3010 ιιιιιιι
202 2949 240 3012 et
270 2959 375 3029 usqne
405 2940 449 3007 ad
470 2941 547 3008 belli
565 2942 707 3011 thaioi
727 2941 851 3008 exitum
870 2936 1122 3060 perductam,
1111 2955 1150 3023 ιιι

63 3035 151 3110 loaem
170 3048 267 3112 esset
287 3041 498 3108 ιιιιιεειιιιιι.ιι

129 3145 173 3210 ht
193 3141 545 3232 Schweighaeuserns
562 3161 673 3229 neque
693 3143 785 3209 initio
799 3139 1045 3208 adnotationum
1063 3152 1147 3204 sua-

62 3255 134 3328 rum,
163 3261 276 3332 neque
305 3231 402 3308 adll
402 3245 486 3330 oo„
505 3247 537 3308 ι.
568 3242 685 3308 harum
704 3259 814 3308 rerum
833 3241 933 3306 ullam
952 3239 1031 3306 ieoit
1050 3254 1147 3304 men·
1211 3247 1214 3254 ’

62 3333 173 3410 bonam.
215 3341 291 3411 Sed
311 3341 355 3410 ad
374 3343 420 3430 ll,
440 3346 493 3430 4⁰,
513 3346 544 3406 1.
564 3339 608 3407 ad
627 3341 755 3428 Polybii
775 3339 897 3408 ιιιιιιι
924 3322 965 3429 ἧς
990 3328 1147 3426 ἀρχηγὸν

62 3437 259 3530 -Ἀραιοιι
281 3437 465 3531 νομιστέον
480 3481 522 3498 -·
543 3433 750 3545 ᾴγωιιστὴι
757 3443 820 3507 και
833 3427 1075 3524 τἐιισιουργὸι
1088 3454 1150 3524 τις

62 3534 211 3656 apotome
245 3539 554 3663 Φιλοποιμιια-
582 3531 783 3630 βεβαιωτὴν
812 3541 877 3604 rori
905 3525 1056 3626 μόνιμοι
1087 3531 1147 3600 αὐ·

62 3657 113 3727 ην
132 3639 186 3714 tor
206 3635 325 3710 rcooou
346 3633 507 3728 γενέσθαι
526 3636 713 3728 Λυκόρταν
733 3642 796 3706 καὶ
810 3658 890 3714 τους
904 3627 1017 3702 ιαυιά
1031 3628 1147 3718 τούτῳ

61 3733 307 3832 πιοιλομέιιοις
320 3738 465 3826 ἄνδρας
486 3742 571 3809 haee
591 3739 776 3808 adnotavit.
798 3735 856 3806 dul
870 3729 985 3804 ποσὸν
1004 3754 1073 3802 nou
1088 3752 1148 3802 so-

62 3831 117 3904 lum
134 3847 188 3909 est
215 3845 430 3929 ala'quamda‘u,
458 3839 520 3909 sed
539 3847 574 3908 et
586 3845 800 3928 adponenda,
819 3839 974 3914 nowuhil,
998 3851 1042 3902 ac
1060 3833 1147 3902 tem·
1223 3887 1227 3894 ι

61 3946 145 4018 Perat
163 3944 275 4029 utique
294 3943 450 4063 Polybius
470 3958 513 4007 ao
532 3942 645 4008 minuit
665 3935 898 4026 quodammodo
913 3935 1053 4003 adiectis
1065 3951 1148 4000 ver·

62 4030 108 4102 bis
132 4038 190 4108 irrl
211 4037 378 4109 uooduv
354 4043 422 4109 vim
441 4040 619 4108 verbomm
646 4035 795 4129 μόνιμοι
815 4027 985 4122 γενέσθαι,
1014 4031 1146 4122 signiti-

63 4140 191 4228 atque,
215 4160 256 4210 eo
274 4147 437 4232 tempore,
466 4159 530 4228 quo
549 4139 635 4205 haeo
654 4139 781 4226 seripta
800 4142 893 4222 sont,
922 4155 990 4204 non
1009 4131 1148 4220 amplios

63 4249 127 4306 eaor
144 4241 355 4311 stabilitatem
378 4259 420 4310 oo
439 4240 624 4324 firmitatem
642 4238 799 4306 habuisse
819 4231 934 4304 ioedns
953 4233 1148 4315 Achaicum,
1172 4245 1175 4252 ’

891 4345 917 4412 7
931 4338 948 4376 t
