2864 4960
657 355 1014 474 fas-

312 546 420 616 atinus
441 546 475 612 in
502 544 676 634 εἰςαγωγῇ
706 545 753 622 εἰς
781 537 827 610 τὰ
858 539 1059 633 φαινόμενα
1086 561 1115 610 c.
1148 544 1397 614 terrineam

311 645 519 734 Uranologie
547 663 575 720 s.
604 643 647 712 de
672 643 777 712 doctr.
798 649 934 733 tempor.
965 644 1004 710 Τ.
1025 645 1087 712 lll.
1108 646 1216 732 p-81.
1238 640 1343 714 Strab.
1360 649 1396 735 ll,

311 767 344 912 p.
364 748 417 910 gili.
438 745 488 832 sq.
509 754 544 813 et
564 745 714 834 Achilles
735 743 851 812 Tatius
871 746 906 812 in
935 745 1089 834 Isagoge
1104 845 1106 850 Ι
1119 745 1156 812 in
1182 745 1396 814 Phaenomena

237 999 239 1008 “
277 983 280 992 ’
336 1065 338 1070 ,
397 994 572 1083 Ingenium
587 975 1083 1082 Polybiiphilosophicumsatis
1097 991 1208 1060 elucet
1222 999 1394 1082 erratione,

315 1112 380 1182 qna
405 1095 574 1162 historiam
601 1097 776 1186 tractavit3
806 1113 911 1181 eoque
937 1094 1066 1160 nomine
1087 1091 1242 1160 laudatur
1267 1111 1288 1160 a
1312 1090 1394 1160 Stre-

194 1229 197 1236 ·
247 1215 252 1226 ’
314 1197 400 1264 bone
433 1191 481 1290 (Ι.
501 1217 532 1284 p.
553 1197 584 1260 2.
606 1201 640 1262 et
660 1217 692 1284 p.
714 1189 814 1286 14.),Κ
833 1195 1014 1279 meritoque
1042 1191 1194 1259 Velleius
1222 1193 1393 1261 Paterculus

316 1297 358 1382 (Ι,
379 1297 446 1380 la.)
465 1295 724 1385 praecellentem
744 1296 881 1384 ingenio
903 1294 1008 1360 virum
1028 1293 1183 1382 appellat.
1224 1285 1321 1382 Ἀνὴρ
1343 1311 1392 1358 no-

314 1387 488 1484 λυμαθὴς,
509 1397 562 1462 vir
581 1397 776 1464 multifariae
806 1393 1012 1482 eruditionis,
1036 1400 1178 1463 vocatur
1197 1393 1344 1482 Polybius
1361 1393 1392 1458 ab

315 1481 457 1564 heliano
478 1497 588 1580 (Tact.
611 1501 707 1584 c.l.),
728 1504 796 1564 tam
816 1515 899 1564 vere
921 1513 1017 1582 quem
1031 1497 1194 1562 concinne
1210 1493 1392 1582 multiplicem

314 1593 485 1663 doctrinae
513 1598 640 1686 copiam
666 1595 889 1686 designante,
912 1609 986 1684 ‘qua
1014 1601 1211 1663 exornatum
1236 1595 1293 1661 linit
1316 1593 1390 1661 huius

314 1696 380 1764 viri
399 1697 577 1785 ingenium.
619 1696 761 1764 Abunde
782 1698 867 1763 enim
887 1695 944 1762 vel
964 1696 1124 1784 reliquiae
1144 1697 1239 1784 illae,
1268 1691 1391 1782 quaele

316 1798 450 1885 scriptis
472 1799 542 1864 eius
564 1804 753 1886 supersunt,
782 1795 965 1884 declarent,
987 1795 1110 1863 nullam
1133 1797 1205 1872 iere
1219 1813 1294 1880 esse
1307 1800 1390 1860 arten

314 1897 412 1985 paulo
440 1897 632 1965 nobiliorem
660 1902 718 1964 aut
744 1897 916 1965 scientiam
944 1893 987 1962 ad
1008 1897 1099 1964 vitae
1121 1918 1215 1963 usum
1235 1897 1390 1980 cultumque

313 1997 542 2089 pertinentem,
564 2013 629 2083 qua
650 2016 717 2064 non
736 1997 839 2087 probe
859 1997 955 2067 luerit
967 1995 1117 2064 imbutus.
1131 1995 1204 2091 (Ol.
1221 1993 1388 2082 Schweigh

314 2093 355 2160 Τ.
377 2093 419 2160 V.
448 2117 491 2184 p.
509 2097 624 2160 8-28.
651 2096 764 2163 Lucas
790 2095 902 2169 Ucber
930 2097 1086 2185 Polybius
1115 2095 1327 2183 Darstellung
1343 2091 1388 2156 des

261 2191 263 2198 '
313 2195 532 2264 Aetolischen
552 2195 689 2264 Bundes
710 2199 779 2264 init.
801 2196 979 2266 Dissertat.
1000 2214 1076 2264 mea
1118 2197 1231 2266 Ueber
1258 2191 1387 2280 Polybius

314 2293 537 2386 Darstellung
569 2295 631 2364 des
664 2296 879 2364 Achiiischen
906 2296 1043 2364 Bundes
1061 2299 1111 2366 'in
1143 2291 1387 2386 Ephemeridibus

315 2395 486 2522 lobniaqis
507 2395 599 2464 Tam.
620 2397 727 2485 suppl.
748 2398 775 2463 1.
796 2397 896 2463 Fasc.
912 2399 943 2462 2.
963 2419 996 2486 p.
1016 2392 1220 2489 th-ffld.)

397 2518 494 2618 bleec
522 2547 558 2614 in
584 2545 775 2614 universum
802 2545 845 2616 de
869 2547 1007 2636 Polybio
1028 2528 1228 2618 coniunctim
1246 2545 1298 2613 hic
1314 2543 1386 2608 inse·

225 2725 228 2734 ,
315 2645 421 2719 nenda
440 2649 600 2736 simulque
620 2647 826 2716 absolvenda
843 2646 1004 2736 duximus,
1017 2665 1114 2736 quum
1130 2648 1328 2716 historiarum
1344 2657 1386 2706 ar·

312 2753 524 2839 gementum,
553 2748 588 2814 in
617 2766 680 2835 quo
710 2745 934 2838 componendo
964 2751 1115 2836 occupati
1145 2767 1272 2833 snmus,
1302 2742 1385 2809 minut

313 2853 426 2938 aptam
447 2849 542 2916 officii
562 2847 764 2935 exsequendi
785 2849 945 2936 praebeat
967 2851 1178 2918 occasionem
1198 2864 1281 2937 erge
1303 2843 1384 2910 virm

312 2947 357 3016 de
376 2949 524 3020 Achaeis
543 2969 611 3016 non
631 2949 754 3037 solum,
775 2937 890 3016 verum
910 2949 953 3016 de
974 2951 1121 3017 omnebus
1143 2953 1255 3037 etiam,
1280 2943 1328 3032 qul
1343 2935 1384 3004 Vll

314 3045 358 3114 de
385 3049 495 3114 limine
524 3049 727 3135 antiquitatis
748 3047 858 3114 studia
885 3050 1119 3136 salutaverint,
1150 3047 1288 3139 egregie
1306 3038 1383 3108 meri-

313 3154 391 3216 tum
433 3144 527 3229 oeae
554 3167 637 3216 vero
664 3150 812 3235 reliquae
839 3156 917 3216 emt
944 3152 1155 3236 quaestiones
1185 3149 1228 3216 de
1255 3151 1382 3230 tenpore

312 3350 358 3442 rit
377 3349 545 3440 Polybius,
566 3349 694 3416 etiamsi
720 3366 742 3416 a
768 3345 1094 3438 Schweighaeusero
1116 3357 1151 3418 et
1170 3351 1262 3418 hura
1279 3345 1320 3410 ita
1336 3339 1382 3403 hl·

313 3450 404 3518 bitae
423 3455 522 3537 etque
542 3449 710 3517 institutae
730 3447 915 3535 uideantur,
937 3455 973 3514 ut
993 3449 1052 3516 vir
1072 3450 1242 3537 quidquam
1261 3439 1329 3512 addi
1344 3433 1381 3500 bb

313 3557 372 3620 aut
391 3549 521 3620 detrahi
541 3550 658 3637 possit,
677 3555 800 3637 tamen,
821 3567 917 3636 quum
936 3555 1105 3637 utrumque
1125 3553 1159 3618 in
1179 3547 1323 3616 threnas
1335 3533 1392 3600 ob·

312 3651 394 3720 iisse
423 3653 537 3738 partes
566 3653 678 3718 notum
706 3651 767 3736 sit,
791 3649 856 3716 iam
883 3667 945 3716 nos
976 3667 1103 3738 quoque
1124 3666 1245 3740 operae
1271 3637 1381 3732 pretium

311 3751 460 3842 iacturas
480 3747 692 3838 arbitramur,
713 3751 761 3838 si,
782 3751 946 3837 expensis
974 3749 1222 3836 diiudicatisque
1241 3742 1381 3820 utrieslue

312 3848 504 3937 rationibus,
519 3854 694 3936 ⁴ntnrm‘que
715 3854 772 3917 aut
791 3868 954 3918 revocare
974 3852 1008 3918 in
1020 3849 1237 3934 concordien,
1250 3834 1380 3912 autalte·

313 3939 382 4022 rius
402 3949 506 4016 utrius
527 3951 715 4017 sententiae
733 3948 911 4038 accedere,
932 3960 990 4019 aut
1009 3949 1150 4039 denique
1170 3963 1257 4016 nova
1275 3936 1380 4006 radere

313 4048 406 4138 inita,
426 4058 496 4117 rem
515 4055 844 4139 totam'suspensam
865 4049 973 4118 adhue
992 4058 1091 4140 atque
1111 4049 1306 4135 ambigerem,
1323 4035 1378 4098 ⁵⁸⁸·

314 4148 409 4224 bilire
429 4155 528 4240 etque
549 4155 648 4228 extra
667 4149 901 4222 dubitationem
920 4170 1045 4240 ponere
1064 4149 1269 4240 patuerimus.

149 3327 151 3334 ,
267 3249 271 3272 ’
315 3268 378 3337 quo
400 3250 583 3337 scripserit,
604 3246 648 3341 de
668 3254 877 3338 argumento,
899 3247 986 3336 quod
1006 3255 1041 3316 et
1060 3247 1220 3336 quomodo
1239 3247 1382 3314 tractare·
