2864 4960
396 291 579 410 .--
650 281 825 432 ff-
971 439 976 454 .

116 539 217 618 ,imae
230 557 313 628 qnos
323 539 565 628 dicuutplebis,
586 541 770 608 conventus
782 541 894 608 visere
906 559 1082 630 conumque
1095 545 1222 611 sancti-

123 645 224 707 tatem
238 645 272 708 et
286 639 553 726 tranquillitatem
567 640 714 728 polluere
727 644 762 708 et
775 640 990 735 conturbareq
1011 660 1146 730 quorum
1158 642 1222 711 bo-

123 741 244 804 minum
273 739 432 828 Polybius
462 745 587 807 tantam
615 740 815 810 convenisse
842 741 988 832 turbam,
1014 747 1138 828 quanta
1161 743 1221 810 vix

121 843 247 906 temere
275 841 377 925 alins,
413 840 535 906 scribit
587 837 836 909 conveniebant
860 843 963 934 igitur
990 843 1065 909 aliis
1094 859 1222 932 quoque

120 939 322 1028 temporibus
343 940 491 1008 homines
510 940 545 1006 in
567 941 704 1008 officinis
724 938 852 1030 degere
873 939 1001 1009 adsueti
1022 944 1057 1010 et
1069 941 1220 1010 sordidas

120 1043 212 1104 artes
234 1041 454 1124 exercentes,
485 1055 650 1126 nunquam
670 1043 781 1105 tamen
797 1045 894 1128 tanto
914 1059 1069 1131 numero,
1098 1049 1220 1129 quanto

119 1133 272 1205 Corinthi
292 1143 360 1204 turo
379 1139 414 1204 in
434 1137 593 1206 concione
614 1145 812 1227 praesentes
834 1137 983 1206 aderaut.

200 1239 263 1304 Bis
284 1237 459 1324 quotannis
479 1245 665 1306 conventus
686 1236 841 1306 ordinarii
861 1237 1066 1306 habebantur
1085 1257 1168 1308 vere
1184 1245 1220 1310 et

118 1343 305 1405 auctumno.
352 1339 595 1425 Nonnunquam
623 1344 735 1406 tamen
756 1352 778 1404 a
798 1338 1044 1428 magistratibus
1065 1345 1219 1410 extraor-
1247 1387 1256 1402 ,

117 1435 266 1504 dinarius
288 1437 465 1506 conciones
486 1457 564 1506 esse
586 1437 794 1526 conscriptas
815 1437 985 1526 probabile
1006 1445 1075 1525 est,
1095 1457 1219 1508 neces-
1287 1433 1290 1440 '

117 1539 218 1605 sitatc
239 1537 388 1626 inprimis
407 1543 560 1628 urgente.
580 1537 646 1616 (Ci-
667 1537 782 1626 Polyb.
803 1536 846 1626 V,
872 1540 901 1602 1.
922 1540 1036 1628 xxiv,
1059 1541 1088 1604 1.
1108 1541 1218 1629 xxv,

113 1641 147 1726 ¹1.
174 1640 321 1726 xxvu,
349 1639 399 1703 11.
437 1641 571 1726 auru,
598 1641 629 1704 a.
660 1638 735 1705 biv.
764 1640 942 1727 xxxvio,
970 1641 1041 1720 ao.)
1089 1638 1218 1710 Sertori

118 1736 240 1804 deinde
271 1753 313 1804 ac
339 1737 470 1825 Polybii
491 1735 618 1824 quidem
637 1738 746 1804 nostri
765 1743 912 1826 tempore
932 1738 1042 1816 itade
1063 1747 1218 1807 extraor-

118 1835 255 1904 dinariis
277 1839 490 1908 concionibus
511 1838 641 1906 videtur
661 1841 871 1909 coustitutum
891 1858 989 1928 esse,
1010 1846 1047 1907 ut
1067 1847 1134 1908 tum
1154 1840 1216 1910 dc—

119 1957 204 2004 mum
225 1939 446 2028 haberentur,
473 1937 603 2026 quando
624 1937 666 2004 de
687 1939 775 2006 bello
796 1937 946 2027 gerendo
966 1937 1217 2028 foederibusque

119 2038 268 2106 ineundis
299 2047 476 2130 ageretur,
508 2045 565 2106 aut
594 2040 764 2106 Romanus
789 2041 966 2126 imperator
986 2042 1061 2108 sive
1080 2041 1216 2132 legatus

120 2155 139 2204 a
158 2147 281 2208 senatu
301 2142 417 2208 literas
438 2141 500 2208 sibi
520 2141 640 2205 missas
661 2139 805 2206 recitare
824 2139 948 2205 vellet(

199 2239 255 2306 Ile
275 2239 375 2306 rebus
397 2245 524 2306 tantum
545 2244 623 2306 ante
643 2237 861 2328 promulgatis
881 2237 1060 2327 disceptari
1086 2238 1217 2308 solitum

120 2345 201 2406 erat
222 2335 290 2420 (Gi.
310 2341 385 2407 Liv.
407 2339 551 2426 XXXI,
571 2340 622 2404 ab
644 2337 759 2426 Polyb.
781 2337 915 2425 xxiii,
937 2341 987 2404 lo.
1009 2341 1060 2404 12.
1082 2337 1216 2424 XXIV,

118 2440 265 2516 b-lt.)
308 2436 432 2520 Quodsi
453 2441 555 2529 igitur
576 2439 784 2506 littmannus
803 2439 853 2518 (in
867 2437 1000 2506 Griecb.
1015 2437 1215 2507 Stactavcri.

101 2559 147 2627 sp.
159 2541 251 2618 aar.)
270 2540 358 2606 illam
376 2541 488 2629 legem
508 2539 702 2629 impugnare
723 2545 875 2626 conetur,
904 2557 974 2606 rem
999 2537 1131 2607 videtur
1156 2557 1216 2606 ar-

117 2637 216 2705 duam
244 2643 449 2730 suscepisse,
479 2641 675 2728 praesertim
701 2627 797 2725 duum
827 2639 877 2704 ibi
899 2639 1097 2707 coniecturis
1121 2641 1215 2707 locus

117 2741 255 2806 relicuus
275 2755 343 2808 non
364 2743 425 2829 sit,
446 2741 502 2807 ubi
521 2741 727 2828 antiquorum
746 2739 942 2826 scriptorum
961 2745 1092 2806 restant
1105 2735 1215 2806 diser·

115 2843 172 2906 tae
193 2843 412 2928 manationes,
432 2859 516 2928 quae
536 2837 651 2908 sedulo
664 2844 854 2927 premantur
867 2855 1010 2905 necesse
1024 2844 1087 2906 est
1106 2839 1214 2906 Prae-

117 2943 226 3006 tordm
255 2943 341 3007 enim
370 2943 422 3007 ius
450 2937 525 3008 erat
551 2958 738 3008 convocare
759 2937 965 3028 damiurgos,
991 2937 1152 3029 demiurgi
1172 2937 1215 3006 de

117 3039 236 3125 quibus
257 3040 357 3107 rebus
377 3045 452 3108 erat
472 3039 736 3129 consultandum,
764 3045 917 3128 praetore
945 3041 1214 3127 communicante,

117 3145 270 3206 senamn
290 3141 505 3229 populumque
525 3140 876 3230 singularumurbium
896 3137 1126 3231 consulebant3
1146 3145 1214 3206 tum

118 3235 356 3308 deliberatione
376 3239 523 3329 privatis
551 3244 586 3308 in
618 3241 765 3310 conciliis
792 3241 882 3307 iacta
912 3259 969 3306 res
1000 3239 1045 3307 ad
1075 3241 1214 3308 omnium

121 3336 330 3408 Achaeorum
361 3343 531 3410 concilium
558 3342 770 3410 referebatur.
822 3339 885 3406 Ubi
915 3341 949 3406 in
969 3357 1067 3427 nomn
1087 3357 1214 3406 conve-

120 3447 252 3527 nerant,
273 3447 424 3530 praetor,
446 3444 500 3529 qui
521 3439 658 3510 concilio
679 3439 905 3531 praesidebat,
932 3441 1029 3526 love,
1049 3437 1214 3527 Apolline,

120 3541 268 3608 Hercule
288 3543 425 3629 auspicii
443 3557 566 3608 caussa
586 3545 736 3629 vocatis,
765 3540 808 3607 de
828 3541 943 3627 quibus
963 3537 1214 3606 consultandum

120 3649 229 3730 esset,
250 3643 286 3708 in
305 3641 443 3709 medium
463 3643 677 3731 proponebat,
710 3639 932 3709 suadentibus
951 3639 1035 3726 aliis,
1056 3639 1130 3706 aliis
1144 3635 1215 3704 dis-

121 3741 354 3829 suadentibus,
376 3745 406 3808 si
425 3744 528 3810 maior
548 3740 792 3834 damiurgorurn
811 3757 892 3830 pars
913 3741 1130 3828 consentiret,
1157 3755 1215 3806 re-
1317 3819 1320 3824 ,
1407 3779 1408 3784 =

120 3840 287 3910 temtatur
308 3841 351 3908 ad
372 3844 531 3930 populum.

204 3942 323 4029 Neque
342 3943 480 4030 amplius
498 3943 602 4009 tubus
621 3941 736 4010 diebus
754 3942 923 4008 conditum
935 3939 1135 4031 habebatur,
1155 3955 1214 4004 se-

124 4038 232 4106 cundo
250 4043 338 4108 enim
358 4061 486 4128 quoque
505 4039 560 4109 dic
580 4043 734 4130 proponi,
755 4059 839 4128 quac
859 4039 1129 4124 decernerentur,
1149 4055 1213 4102 ne-

124 4157 222 4207 ccsse
242 4147 332 4229 erat,
353 4142 451 4209 tertio
471 4139 639 4208 decretum
658 4139 730 4208 lieri
750 4146 783 4206 et
797 4141 857 4208 sub
871 4139 952 4206 solis
965 4152 1117 4206 occasum
1131 4153 1213 4203 con-

97 4263 100 4270 ’
125 4241 253 4308 cionem
270 4239 386 4309 dimitti
406 4242 495 4324 (biv.
516 4243 658 4329 xxxii,
678 4245 729 4306 lit.
749 4239 801 4306 22,
841 4239 956 4326 Polyb.
978 4237 1105 4324 xxix,
1124 4235 1196 4318 9.).·
