2864 4960
514 361 566 394 '⁵
666 365 982 440 -120-·‘

258 561 411 632 militibus
440 555 619 646 diripienda
647 555 814 628 comae
847 555 983 627 mica
1034 554 1164 642 Neque
1195 555 1369 641 quisquam

260 660 411 732 occubuit
430 659 486 726 vel
506 659 634 728 omniuo
647 658 841 728 volneratus
855 662 918 743 est,
935 653 1000 722 sed
1013 656 1189 723 sincerum
1203 660 1241 722 et
1254 675 1363 744 purum

249 773 283 828 'a
303 760 391 830 civili
411 761 575 848 sanguino
588 759 719 826 iortuna
733 759 934 836 hocfeciuus
948 757 1180 828 conservavit.
1225 753 1364 822 Rodunt

261 865 390 930 Aratus
408 859 544 947 exules,
574 861 628 945 qui
654 860 750 928 ciccti
778 860 819 928 ab
840 858 980 926 Nicocle
999 858 1154 946 buerant,
1178 857 1364 947 octogiuta
1415 893 1416 948 ,

263 962 317 1047 qui
335 966 549 1047 tyrannorum
569 957 734 1026 dominatu
754 961 956 1048 superiorum
975 979 1042 1026 non
1062 960 1177 1024 minus
1201 959 1364 1046 quingen·
1415 957 1416 990 l

262 1067 334 1148 tos,
362 1061 416 1146 qui
443 1058 497 1126 diu
525 1065 559 1126 et
585 1059 687 1126 ferme
708 1061 945 1148 quinquaginta
965 1077 1072 1125 annos
1094 1057 1206 1146 palati
1227 1057 1362 1124 tuerent

261 1161 387 1228 Horum
406 1161 554 1256 plerique
575 1161 704 1228 reversi
724 1161 841 1248 inopes
861 1160 1019 1248 pristinas
1032 1159 1276 1248 possessiones
1290 1175 1364 1224 suas
1415 1153 1416 1204 l

131 1311 132 1314 ,
262 1259 513 1328 vindicaverunt
533 1259 825 1349 ingredientesque
849 1258 985 1349 praedia
1005 1264 1040 1327 ct
1059 1257 1233 1325 domicilia
1254 1276 1316 1323 sua
1334 1259 1363 1322 in

262 1377 404 1449 magnas
418 1359 625 1428 difficultates
641 1363 852 1429 coniecerunt
865 1361 1022 1447 Aratum,
1043 1360 1098 1446 qui
1120 1359 1208 1426 ioris
1229 1359 1300 1446 peti
1317 1358 1363 1422 in-
1415 1345 1416 1418 f

264 1460 355 1527 sidiis
384 1468 418 1528 et
448 1460 640 1528 invidiosam
667 1481 745 1529 esse
764 1462 936 1553 Antigono
957 1461 1122 1532 libertatis
1135 1458 1273 1525 caussa
1294 1475 1363 1524 cer·

265 1561 367 1628 nebat
389 1563 571 1648 civitatem,
598 1561 758 1644 concitari
775 1581 857 1628 vero
875 1564 968 1630 intus
987 1562 1023 1628 'et
1044 1559 1215 1628 seditione
1235 1557 1362 1648 agitari
1415 1557 1416 1652 ζ

267 1655 377 1742 Quare
398 1661 432 1727 in
452 1665 760 1749 praesentiavisuno
775 1663 926 1750 optimum
939 1663 1028 1728 iocur
1042 1667 1117 1748 est,
1139 1666 1177 1728 ut
1192 1657 1362 1747 Sicyonem

267 1757 451 1830 associaret
470 1763 634 1849 Achaeis,
655 1768 690 1830 et
711 1781 903 1849 quamquam
920 1762 1031 1830 Dones
1053 1767 1173 1848 erant,
1195 1762 1231 1828 in
1252 1776 1361 1826 nonen

209 1893 215 1904 ,
266 1869 377 1958 tamen
398 1859 485 1928 haud
505 1863 672 1951 gravatim
695 1869 728 1928 et
748 1861 981 1950 rempublicam
996 1861 1215 1928 Achaeorum
1224 1859 1361 1937 transic-
1415 1871 1416 1946 l

268 1967 360 2050 runt,
395 1963 450 2048 qui
482 1979 524 2027 eu
558 1967 756 2050 tempestate
789 1981 853 2030 nec
887 1959 1084 2050 (lignitatem
1116 1961 1275 2028 eximiam
1305 1976 1361 2025 ucc

267 2057 409 2150 magnas
436 2062 527 2130 vires
558 2062 757 2130 obtinebant.
809 2063 933 2130 Verum
954 2063 987 2130 hi
1007 2061 1274 2152 inexpugnabile
1293 2075 1361 2124 esse

268 2161 471 2229 Graecorum
499 2160 600 2232 robur
629 2163 810 2232 clarissime
831 2163 1064 2248 ostenderunt,
1097 2164 1231 2248 quoties
1260 2157 1360 2228 ordine
1415 2195 1416 2256 ,

268 2267 303 2328 et
325 2261 500 2331 concordia
521 2261 796 2350 administratum,
817 2263 935 2336 ducem
954 2265 1089 2351 insuper
1110 2265 1157 2330 sit
1179 2249 1363 2350 prudentem
1415 2263 1416 2330 3

268 2353 409 2427 nactum.
462 2358 522 2442 eri
556 2381 652 2448 quum
685 2369 834 2429 veterum
856 2362 1020 2430 Graeciae
1045 2363 1236 2432 florentium
1257 2362 1361 2429 cuiun

270 2466 385 2527 essent
415 2462 448 2528 in
475 2461 566 2528 nulla
594 2480 697 2549 prope
726 2460 884 2528 censendi
911 2467 1007 2550 parte
1035 2469 1140 2548 atque
1161 2464 1196 2530 id
1217 2461 1360 2550 temporis
1415 2503 1416 2530 r

270 2561 365 2626 unius
394 2581 461 2627 uon
487 2566 668 2646 aequarent
688 2563 865 2648 potentiam
886 2561 1060 2628 mediocris
1082 2565 1251 2652 civitatis,
1280 2565 1359 2628 recto

146 2753 148 2758 Ι
270 2661 406 2727 consilio
423 2666 457 2728 et
478 2663 697 2729 consensione
719 2667 752 2728 et
774 2661 859 2748 quod
879 2664 999 2729 virtuti
1014 2666 1202 2752 praestanti
1233 2683 1298 2729 non
1316 2662 1360 2724 in·
1415 2653 1416 2734 ἦ

271 2759 440 2846 viderent,
468 2760 529 2827 sed
550 2765 775 2838 auscultarent
796 2765 1149 2854 obtemperarentqne,
1178 2783 1246 2831 non
1268 2760 1358 2828 solun
1415 2743 1416 2836 l

270 2857 366 2952 medii
393 2861 479 2928 inter
506 2863 658 2930 civitates
679 2883 758 2934 sese
778 2871 812 2932 et
833 2867 947 2954 copias
967 2855 1079 2932 tantas
1100 2859 1310 2952 tyrannidum
1331 2859 1358 2921 in
1415 2857 1416 2932 i

270 2960 424 3036 libertate
444 2963 621 3053 retinuere,
634 2962 695 3032 sed
709 2962 842 3032 assidue
856 2965 954 3032 etiam
967 2967 1146 3052 plerosque
1161 2966 1246 3033 alios
1261 2959 1357 3028 Grac-
1415 2937 1416 3022 l

274 3078 332 3128 cos
346 3061 380 3138 iu
393 3061 583 3252 libertatcnp
591 3070 806 3132 asseruerunt
822 3070 859 3132 ct
873 3069 1171 3132 conservaverunt
1191 3061 1295 3156 (Plut
1308 3059 1356 3126 vit

273 3161 370 3230 Aret.
391 3161 592 3228 c.2--9..
742 3213 744 3217 ,
1229 3195 1232 3205 ·

355 3263 512 3349 Polybius
522 3259 701 3350 Sicyonem
709 3263 752 3330 ab
761 3264 867 3330 Arato
877 3261 1034 3350 Sicyonio
1044 3259 1301 3358 captamssv,it,
1313 3248 1357 3344 l.)

272 3367 307 3432 et
337 3359 466 3432 sublato
495 3364 633 3432 Nicocle
653 3371 796 3452 tyranno
827 3362 958 3456 [x,25.
985 3358 1041 3454 3.)
1066 3363 1195 3432 foederi
1220 3357 1356 3428 Achaico

274 3457 436 3528 adiectam
466 3481 544 3528 esse
572 3460 644 3554 (ΙΙ,
663 3467 722 3551 lo,
749 3459 802 3555 8.)
823 3467 938 3531 narrat
967 3461 1172 3548 adiutoribus,
1199 3464 1233 3528 in
1263 3475 1301 3525 ea
1323 3469 1355 3518 re

272 3561 419 3630 Eudemo
449 3569 483 3629 et
503 3561 737 3649 Demophane,
768 3564 1077 3653 Megalopolitanis,
1106 3553 1354 3650 Philopoemenis

200 3679 201 3686 ¹
273 3663 542 3750 praeceptoribus
562 3660 627 3752 (X,
648 3665 700 3749 25,
721 3657 775 3754 3.)

357 3759 481 3829 Strabo
508 3760 632 3854 (vul,
653 3766 684 3826 7.
705 3785 736 3849 p.
758 3757 852 3854 222.)
869 3759 1039 3848 Ἀρατος,
1070 3765 1191 3852 inquil,
1221 3775 1353 3844 orooro·

277 3852 384 3946 γήσας
414 3859 577 3946 ciquetlero
604 3861 800 3946 Ἀντίγονον
830 3859 891 3929 τὸν
921 3858 1188 3951 Ἀκροκόρινθον
1215 3861 1276 3925 καὶ
1302 3843 1352 3939 τὴν

278 3951 381 4023 πόλιν
395 3968 466 4034 τοῖς
478 3957 632 4044 Ἀχαιοῖς
645 3955 851 4052 aperirique,
867 3961 1027 4048 καθάπερ
1051 3967 1111 4030 καὶ
1124 3956 1185 4054 τὴν
1199 3952 1352 4039 πατρίόαῐ

275 4055 370 4124 unde·
390 4059 570 4148 Antigoni,
600 4059 817 4128 Macedonum
845 4063 955 4152 regis,
988 4063 1146 4152 superiori
1181 4043 1351 4127 auctoritati

276 4155 452 4244 Sicyonios
480 4165 640 4248 tyrannos
669 4161 836 4242 subiectos
863 4163 966 4230 fuisse
994 4162 1165 4230 verissimo
1200 4149 1350 4224 unicus

275 4257 363 4326 lllira
388 4276 470 4328 vero
497 4263 601 4330 verba
630 4253 775 4332 eiusdem
802 4263 974 4351 scriptoris
1002 4267 1080 4330 sunt
1098 4258 1200 4342 vm,
1227 4257 1258 4318 α
1276 4250 1350 4314 ⁸²⁸¹·
1415 4347 1416 4374 ,
