<?xml version="1.0" encoding="UTF-8"?>
<!DOCTYPE html PUBLIC "-//W3C//DTD XHTML 1.0 Transitional//EN"
    "http://www.w3.org/TR/xhtml1/DTD/xhtml1-transitional.dtd">
<html xmlns="http://www.w3.org/1999/xhtml" xml:lang="en" lang="en">
 <head>
  <title>
</title>
<meta http-equiv="Content-Type" content="text/html;charset=utf-8" />
  <meta name='ocr-system' content='tesseract 3.04.00' />
  <meta name='ocr-capabilities' content='ocr_page ocr_carea ocr_par ocr_line ocrx_word'/>
</head>
<body>
  <div class='ocr_page' id='page_1' title='image "achaicorumlibri00merlgoog_0206.png"; bbox 0 0 2844 4952; ppageno 0'>
   <div class='ocr_carea' id='block_1_1' title="bbox 97 699 1098 892">
    <p class='ocr_par' dir='ltr' id='par_1_1' title="bbox 97 699 1098 892">
     <span class='ocr_line' id='line_1_1' title="bbox 97 699 1098 784; baseline -0.001 -19"><span class='ocrx_word' id='word_1_1' title='bbox 97 705 195 766; x_wconf 84' lang='lat' dir='ltr'><strong>Arcti</strong></span> <span class='ocrx_word' id='word_1_2' title='bbox 210 705 326 784; x_wconf 81' lang='lat' dir='ltr'><strong>quarta</strong></span> <span class='ocrx_word' id='word_1_3' title='bbox 347 699 466 762; x_wconf 79' lang='lat' dir='ltr'><strong>decr&#39;om</strong></span> <span class='ocrx_word' id='word_1_4' title='bbox 488 707 653 784; x_wconf 65' lang='lat' dir='ltr'><strong>mamare.</strong></span> <span class='ocrx_word' id='word_1_5' title='bbox 695 699 895 762; x_wconf 74' lang='lat' dir='ltr'><em>Achaeorum</em></span> <span class='ocrx_word' id='word_1_6' title='bbox 921 699 1028 763; x_wconf 83' lang='lat' dir='ltr'><strong>clades</strong></span> <span class='ocrx_word' id='word_1_7' title='bbox 1053 699 1098 764; x_wconf 88' lang='lat' dir='ltr'><strong>od</strong></span> 
     </span>
     <span class='ocr_line' id='line_1_2' title="bbox 492 806 668 892; baseline 0.006 -23"><span class='ocrx_word' id='word_1_8' title='bbox 492 806 668 892; x_wconf 80' lang='lat' dir='ltr'><strong>·0upbyue.</strong></span> 
     </span>
    </p>
   </div>
   <div class='ocr_carea' id='block_1_2' title="bbox 47 947 1221 2434">
    <p class='ocr_par' dir='ltr' id='par_1_2' title="bbox 47 947 1221 2434">
     <span class='ocr_line' id='line_1_3' title="bbox 133 947 1136 1038; baseline -0.001 -24"><span class='ocrx_word' id='word_1_9' title='bbox 133 949 173 1014; x_wconf 94' lang='lat' dir='ltr'><strong>ln</strong></span> <span class='ocrx_word' id='word_1_10' title='bbox 195 947 333 1015; x_wconf 89' lang='lat' dir='ltr'><strong>concilio</strong></span> <span class='ocrx_word' id='word_1_11' title='bbox 354 947 560 1014; x_wconf 80' lang='lat' dir='ltr'><strong>Achaeorum</strong></span> <span class='ocrx_word' id='word_1_12' title='bbox 579 949 699 1038; x_wconf 80' lang='lat' dir='ltr'><strong>Aegii,</strong></span> <span class='ocrx_word' id='word_1_13' title='bbox 720 954 890 1036; x_wconf 88' lang='lat' dir='ltr'><strong>postquam</strong></span> <span class='ocrx_word' id='word_1_14' title='bbox 902 947 1136 1036; x_wconf 81' lang='lat' dir='ltr'><strong>Patraeenses,</strong></span> 
     </span>
     <span class='ocr_line' id='line_1_4' title="bbox 53 1045 1136 1116; baseline 0 -2"><span class='ocrx_word' id='word_1_15' title='bbox 53 1049 282 1115; x_wconf 88' lang='lat' dir='ltr'><strong>Pharaeenses</strong></span> <span class='ocrx_word' id='word_1_16' title='bbox 304 1051 338 1114; x_wconf 96' lang='lat' dir='ltr'><strong>et</strong></span> <span class='ocrx_word' id='word_1_17' title='bbox 364 1045 521 1112; x_wconf 83' lang='lat' dir='ltr'><strong>Messenii</strong></span> <span class='ocrx_word' id='word_1_18' title='bbox 548 1045 591 1115; x_wconf 91' lang='lat' dir='ltr'><strong>de</strong></span> <span class='ocrx_word' id='word_1_19' title='bbox 616 1049 732 1115; x_wconf 89' lang='lat' dir='ltr'><strong>iniuria</strong></span> <span class='ocrx_word' id='word_1_20' title='bbox 752 1048 794 1115; x_wconf 91' lang='lat' dir='ltr'><strong>ab</strong></span> <span class='ocrx_word' id='word_1_21' title='bbox 816 1049 943 1116; x_wconf 87' lang='lat' dir='ltr'><strong>Aetolis</strong></span> <span class='ocrx_word' id='word_1_22' title='bbox 964 1049 1025 1115; x_wconf 87' lang='lat' dir='ltr'><strong>sibi</strong></span> <span class='ocrx_word' id='word_1_23' title='bbox 1045 1048 1136 1116; x_wconf 89' lang='lat' dir='ltr'><strong>illata</strong></span> 
     </span>
     <span class='ocr_line' id='line_1_5' title="bbox 53 1143 1136 1236; baseline 0.002 -24"><span class='ocrx_word' id='word_1_24' title='bbox 53 1149 156 1233; x_wconf 89' lang='lat' dir='ltr'><strong>questi</strong></span> <span class='ocrx_word' id='word_1_25' title='bbox 185 1151 302 1214; x_wconf 87' lang='lat' dir='ltr'><strong>essent</strong></span> <span class='ocrx_word' id='word_1_26' title='bbox 335 1151 433 1231; x_wconf 86' lang='lat' dir='ltr'><strong>utque</strong></span> <span class='ocrx_word' id='word_1_27' title='bbox 461 1143 581 1212; x_wconf 87' lang='lat' dir='ltr'><strong>auxilia</strong></span> <span class='ocrx_word' id='word_1_28' title='bbox 609 1146 673 1213; x_wconf 89' lang='lat' dir='ltr'><strong>sibi</strong></span> <span class='ocrx_word' id='word_1_29' title='bbox 707 1146 929 1234; x_wconf 78' lang='lat' dir='ltr'><strong>mitterentur</strong></span> <span class='ocrx_word' id='word_1_30' title='bbox 925 1153 1136 1236; x_wconf 73' lang='lat' dir='ltr'><strong>rogassent,</strong></span> 
     </span>
     <span class='ocr_line' id='line_1_6' title="bbox 52 1227 1136 1337; baseline 0.004 -25"><span class='ocrx_word' id='word_1_31' title='bbox 52 1267 172 1336; x_wconf 89' lang='lat' dir='ltr'><strong>magno</strong></span> <span class='ocrx_word' id='word_1_32' title='bbox 193 1247 334 1313; x_wconf 91' lang='lat' dir='ltr'><strong>omnium</strong></span> <span class='ocrx_word' id='word_1_33' title='bbox 354 1245 561 1337; x_wconf 77' lang='lat' dir='ltr'><strong>Achaeorum</strong></span> <span class='ocrx_word' id='word_1_34' title='bbox 581 1261 746 1313; x_wconf 84' lang='lat' dir='ltr'><strong>consensu</strong></span> <span class='ocrx_word' id='word_1_35' title='bbox 760 1227 879 1313; x_wconf 87' lang='lat' dir='ltr'><strong>bellum</strong></span> <span class='ocrx_word' id='word_1_36' title='bbox 892 1245 1054 1314; x_wconf 86' lang='lat' dir='ltr'><strong>adversus</strong></span> <span class='ocrx_word' id='word_1_37' title='bbox 1064 1249 1136 1316; x_wconf 87' lang='lat' dir='ltr'><strong>Ae</strong></span> 
     </span>
     <span class='ocr_line' id='line_1_7' title="bbox 52 1328 1138 1434; baseline -0.001 -20"><span class='ocrx_word' id='word_1_38' title='bbox 52 1351 134 1414; x_wconf 89' lang='lat' dir='ltr'><strong>tolos</strong></span> <span class='ocrx_word' id='word_1_39' title='bbox 155 1345 354 1413; x_wconf 82' lang='lat' dir='ltr'><strong>decernitur.</strong></span> <span class='ocrx_word' id='word_1_40' title='bbox 395 1328 594 1412; x_wconf 77' lang='lat' dir='ltr'><strong>Pimoxenus</strong></span> <span class='ocrx_word' id='word_1_41' title='bbox 614 1351 722 1412; x_wconf 87' lang='lat' dir='ltr'><strong>antem</strong></span> <span class='ocrx_word' id='word_1_42' title='bbox 746 1351 897 1434; x_wconf 80' lang='lat' dir='ltr'><strong>praetor,</strong></span> <span class='ocrx_word' id='word_1_43' title='bbox 931 1349 1090 1433; x_wconf 89' lang='lat' dir='ltr'><strong>quoniam</strong></span> <span class='ocrx_word' id='word_1_44' title='bbox 1102 1351 1138 1414; x_wconf 86' lang='lat' dir='ltr'><strong>et</strong></span> 
     </span>
     <span class='ocr_line' id='line_1_8' title="bbox 50 1445 1137 1536; baseline 0.001 -21"><span class='ocrx_word' id='word_1_45' title='bbox 50 1449 193 1515; x_wconf 72' lang='lat' dir='ltr'><strong>distabat</strong></span> <span class='ocrx_word' id='word_1_46' title='bbox 213 1452 357 1534; x_wconf 87' lang='lat' dir='ltr'><strong>tempus,</strong></span> <span class='ocrx_word' id='word_1_47' title='bbox 378 1463 440 1531; x_wconf 86' lang='lat' dir='ltr'><strong>quo</strong></span> <span class='ocrx_word' id='word_1_48' title='bbox 460 1445 657 1532; x_wconf 85' lang='lat' dir='ltr'><strong>magistratu</strong></span> <span class='ocrx_word' id='word_1_49' title='bbox 678 1453 751 1513; x_wconf 90' lang='lat' dir='ltr'><strong>erat</strong></span> <span class='ocrx_word' id='word_1_50' title='bbox 771 1446 937 1536; x_wconf 77' lang='lat' dir='ltr'><strong>abiturus,</strong></span> <span class='ocrx_word' id='word_1_51' title='bbox 968 1453 1002 1515; x_wconf 93' lang='lat' dir='ltr'><strong>et</strong></span> <span class='ocrx_word' id='word_1_52' title='bbox 1022 1464 1137 1535; x_wconf 82' lang='lat' dir='ltr'><strong>param</strong></span> 
     </span>
     <span class='ocr_line' id='line_1_9' title="bbox 49 1542 1136 1636; baseline -0.001 -22"><span class='ocrx_word' id='word_1_53' title='bbox 49 1551 119 1636; x_wconf 90' lang='lat' dir='ltr'><strong>ipse</strong></span> <span class='ocrx_word' id='word_1_54' title='bbox 140 1546 290 1614; x_wconf 82' lang='lat' dir='ltr'><strong>Achaeis</strong></span> <span class='ocrx_word' id='word_1_55' title='bbox 309 1542 446 1630; x_wconf 84' lang='lat' dir='ltr'><strong>fidebat,</strong></span> <span class='ocrx_word' id='word_1_56' title='bbox 473 1562 612 1631; x_wconf 86' lang='lat' dir='ltr'><strong>namque</strong></span> <span class='ocrx_word' id='word_1_57' title='bbox 632 1545 878 1635; x_wconf 81' lang='lat' dir='ltr'><strong>Peloponnesii,</strong></span> <span class='ocrx_word' id='word_1_58' title='bbox 908 1563 930 1614; x_wconf 87' lang='lat' dir='ltr'><strong>a</strong></span> <span class='ocrx_word' id='word_1_59' title='bbox 957 1565 1021 1634; x_wconf 90' lang='lat' dir='ltr'><strong>quo</strong></span> <span class='ocrx_word' id='word_1_60' title='bbox 1050 1554 1136 1614; x_wconf 85' lang='lat' dir='ltr'><strong>tern-</strong></span> 
     </span>
     <span class='ocr_line' id='line_1_10' title="bbox 50 1641 1137 1736; baseline 0 -22"><span class='ocrx_word' id='word_1_61' title='bbox 50 1665 128 1734; x_wconf 84' lang='lat' dir='ltr'><strong>pore</strong></span> <span class='ocrx_word' id='word_1_62' title='bbox 147 1664 258 1736; x_wconf 89' lang='lat' dir='ltr'><strong>regno</strong></span> <span class='ocrx_word' id='word_1_63' title='bbox 277 1641 608 1714; x_wconf 82' lang='lat' dir='ltr'><strong>Lacedaemoniorum</strong></span> <span class='ocrx_word' id='word_1_64' title='bbox 629 1645 750 1715; x_wconf 84' lang='lat' dir='ltr'><strong>excidit</strong></span> <span class='ocrx_word' id='word_1_65' title='bbox 779 1645 990 1736; x_wconf 76' lang='lat' dir='ltr'><strong>theomenes,</strong></span> <span class='ocrx_word' id='word_1_66' title='bbox 1019 1647 1137 1735; x_wconf 87' lang='lat' dir='ltr'><strong>partim</strong></span> 
     </span>
     <span class='ocr_line' id='line_1_11' title="bbox 48 1743 1137 1836; baseline 0.002 -24"><span class='ocrx_word' id='word_1_67' title='bbox 48 1745 272 1834; x_wconf 88' lang='lat' dir='ltr'><strong>superioribus</strong></span> <span class='ocrx_word' id='word_1_68' title='bbox 299 1743 394 1811; x_wconf 87' lang='lat' dir='ltr'><strong>hellis</strong></span> <span class='ocrx_word' id='word_1_69' title='bbox 423 1745 520 1833; x_wconf 79' lang='lat' dir='ltr'><strong>lessi,</strong></span> <span class='ocrx_word' id='word_1_70' title='bbox 554 1748 672 1835; x_wconf 84' lang='lat' dir='ltr'><strong>partim</strong></span> <span class='ocrx_word' id='word_1_71' title='bbox 706 1745 895 1815; x_wconf 84' lang='lat' dir='ltr'><strong>duraturum</strong></span> <span class='ocrx_word' id='word_1_72' title='bbox 927 1752 1137 1836; x_wconf 80' lang='lat' dir='ltr'><strong>praesentem</strong></span> 
     </span>
     <span class='ocr_line' id='line_1_12' title="bbox 49 1843 1221 1934; baseline 0.001 -23"><span class='ocrx_word' id='word_1_73' title='bbox 49 1851 167 1912; x_wconf 82' lang='lat' dir='ltr'><strong>statum</strong></span> <span class='ocrx_word' id='word_1_74' title='bbox 197 1843 572 1932; x_wconf 71' lang='lat' dir='ltr'><strong>conosi,rei1bclttcac</strong></span> <span class='ocrx_word' id='word_1_75' title='bbox 602 1863 712 1913; x_wconf 87' lang='lat' dir='ltr'><strong>curam</strong></span> <span class='ocrx_word' id='word_1_76' title='bbox 739 1849 914 1922; x_wconf 85' lang='lat' dir='ltr'><strong>contemtui</strong></span> <span class='ocrx_word' id='word_1_77' title='bbox 940 1848 1135 1934; x_wconf 83' lang='lat' dir='ltr'><strong>habuerant,</strong></span> <span class='ocrx_word' id='word_1_78' title='bbox 1219 1861 1221 1868; x_wconf 77' lang='grc'><em>’</em></span> 
     </span>
     <span class='ocr_line' id='line_1_13' title="bbox 48 1943 1136 2034; baseline 0.003 -25"><span class='ocrx_word' id='word_1_79' title='bbox 48 1948 166 2012; x_wconf 76' lang='lat' dir='ltr'><strong>leneus</strong></span> <span class='ocrx_word' id='word_1_80' title='bbox 176 1945 363 2034; x_wconf 89' lang='lat' dir='ltr'><strong>peragebat</strong></span> <span class='ocrx_word' id='word_1_81' title='bbox 373 1948 540 2034; x_wconf 79' lang='lat' dir='ltr'><strong>negotium</strong></span> <span class='ocrx_word' id='word_1_82' title='bbox 549 1947 680 2016; x_wconf 86' lang='lat' dir='ltr'><strong>militum</strong></span> <span class='ocrx_word' id='word_1_83' title='bbox 693 1947 1009 2016; x_wconf 82' lang='lat' dir='ltr'><strong>conscribendorum</strong></span> <span class='ocrx_word' id='word_1_84' title='bbox 1031 1943 1136 2028; x_wconf 79' lang='lat' dir='ltr'><strong>Quam</strong></span> 
     </span>
     <span class='ocr_line' id='line_1_14' title="bbox 49 2045 1137 2164; baseline -0.001 -51"><span class='ocrx_word' id='word_1_85' title='bbox 49 2045 179 2113; x_wconf 89' lang='lat' dir='ltr'><strong>obrem</strong></span> <span class='ocrx_word' id='word_1_86' title='bbox 202 2047 345 2132; x_wconf 67' lang='lat' dir='ltr'><strong>Mutus,</strong></span> <span class='ocrx_word' id='word_1_87' title='bbox 370 2050 482 2133; x_wconf 89' lang='lat' dir='ltr'><strong>utpote</strong></span> <span class='ocrx_word' id='word_1_88' title='bbox 510 2065 577 2113; x_wconf 92' lang='lat' dir='ltr'><strong>non</strong></span> <span class='ocrx_word' id='word_1_89' title='bbox 607 2051 674 2112; x_wconf 89' lang='lat' dir='ltr'><strong>tum</strong></span> <span class='ocrx_word' id='word_1_90' title='bbox 694 2048 849 2164; x_wconf 80' lang='lat' dir='ltr'><strong>primurn,</strong></span> <span class='ocrx_word' id='word_1_91' title='bbox 878 2045 976 2114; x_wconf 85' lang='lat' dir='ltr'><strong>sed</strong></span> <span class='ocrx_word' id='word_1_92' title='bbox 965 2064 1030 2112; x_wconf 85' lang='lat' dir='ltr'><strong>ram</strong></span> <span class='ocrx_word' id='word_1_93' title='bbox 1060 2046 1137 2112; x_wconf 91' lang='lat' dir='ltr'><strong>olim</strong></span> 
     </span>
     <span class='ocr_line' id='line_1_15' title="bbox 48 2129 1136 2234; baseline -0.002 -22"><span class='ocrx_word' id='word_1_94' title='bbox 48 2145 174 2212; x_wconf 91' lang='lat' dir='ltr'><strong>Aetolis</strong></span> <span class='ocrx_word' id='word_1_95' title='bbox 196 2144 364 2234; x_wconf 76' lang='lat' dir='ltr'><strong>infensus,</strong></span> <span class='ocrx_word' id='word_1_96' title='bbox 394 2162 507 2212; x_wconf 90' lang='lat' dir='ltr'><strong>morae</strong></span> <span class='ocrx_word' id='word_1_97' title='bbox 526 2147 716 2234; x_wconf 72' lang='lat' dir='ltr'><strong>impunem,</strong></span> <span class='ocrx_word' id='word_1_98' title='bbox 743 2148 883 2232; x_wconf 82' lang='lat' dir='ltr'><strong>quinque</strong></span> <span class='ocrx_word' id='word_1_99' title='bbox 899 2129 1029 2212; x_wconf 90' lang='lat' dir='ltr'><strong>diebus</strong></span> <span class='ocrx_word' id='word_1_100' title='bbox 1057 2150 1136 2212; x_wconf 88' lang='lat' dir='ltr'><strong>ante</strong></span> 
     </span>
     <span class='ocr_line' id='line_1_16' title="bbox 47 2243 1137 2333; baseline 0.001 -22"><span class='ocrx_word' id='word_1_101' title='bbox 47 2251 173 2333; x_wconf 88' lang='lat' dir='ltr'><strong>tempus</strong></span> <span class='ocrx_word' id='word_1_102' title='bbox 202 2244 321 2310; x_wconf 88' lang='lat' dir='ltr'><strong>iustum</strong></span> <span class='ocrx_word' id='word_1_103' title='bbox 351 2250 538 2330; x_wconf 89' lang='lat' dir='ltr'><strong>praeturam</strong></span> <span class='ocrx_word' id='word_1_104' title='bbox 567 2244 899 2332; x_wconf 83' lang='lat' dir='ltr'><strong>quartamdecimam</strong></span> <span class='ocrx_word' id='word_1_105' title='bbox 928 2245 1017 2333; x_wconf 79' lang='lat' dir='ltr'><strong>iniit,</strong></span> <span class='ocrx_word' id='word_1_106' title='bbox 1046 2243 1137 2312; x_wconf 88' lang='lat' dir='ltr'><strong>lllaio</strong></span> 
     </span>
     <span class='ocr_line' id='line_1_17' title="bbox 47 2340 1135 2434; baseline 0 -24"><span class='ocrx_word' id='word_1_107' title='bbox 47 2362 158 2412; x_wconf 88' lang='lat' dir='ltr'><strong>nense</strong></span> <span class='ocrx_word' id='word_1_108' title='bbox 178 2345 239 2408; x_wconf 78' lang='lat'><strong>221</strong></span> <span class='ocrx_word' id='word_1_109' title='bbox 264 2359 294 2409; x_wconf 84' lang='lat' dir='ltr'><strong>a.</strong></span> <span class='ocrx_word' id='word_1_110' title='bbox 316 2340 393 2412; x_wconf 74' lang='lat' dir='ltr'><strong>Chr.</strong></span> <span class='ocrx_word' id='word_1_111' title='bbox 414 2351 449 2412; x_wconf 92' lang='lat' dir='ltr'><strong>et</strong></span> <span class='ocrx_word' id='word_1_112' title='bbox 467 2343 624 2413; x_wconf 91' lang='lat' dir='ltr'><strong>mandata</strong></span> <span class='ocrx_word' id='word_1_113' title='bbox 643 2344 734 2414; x_wconf 88' lang='lat' dir='ltr'><strong>dedit</strong></span> <span class='ocrx_word' id='word_1_114' title='bbox 754 2344 797 2412; x_wconf 92' lang='lat' dir='ltr'><strong>ad</strong></span> <span class='ocrx_word' id='word_1_115' title='bbox 818 2347 990 2434; x_wconf 84' lang='lat' dir='ltr'><strong>civitates,</strong></span> <span class='ocrx_word' id='word_1_116' title='bbox 1010 2350 1047 2411; x_wconf 93' lang='lat' dir='ltr'><strong>ut</strong></span> <span class='ocrx_word' id='word_1_117' title='bbox 1059 2343 1135 2414; x_wconf 80' lang='lat' dir='ltr'><strong>hle-</strong></span> 
     </span>
    </p>
   </div>
   <div class='ocr_carea' id='block_1_3' title="bbox 5 2435 1187 2934">
    <p class='ocr_par' dir='ltr' id='par_1_3' title="bbox 46 2435 1187 2638">
     <span class='ocr_line' id='line_1_18' title="bbox 46 2435 1187 2535; baseline -0.002 -24"><span class='ocrx_word' id='word_1_118' title='bbox 46 2445 214 2534; x_wconf 90' lang='lat' dir='ltr'><strong>galopelin</strong></span> <span class='ocrx_word' id='word_1_119' title='bbox 245 2446 474 2534; x_wconf 85' lang='lat' dir='ltr'><strong>convenirent,</strong></span> <span class='ocrx_word' id='word_1_120' title='bbox 509 2448 563 2534; x_wconf 87' lang='lat' dir='ltr'><strong>qni</strong></span> <span class='ocrx_word' id='word_1_121' title='bbox 600 2463 692 2514; x_wconf 88' lang='lat' dir='ltr'><strong>arma</strong></span> <span class='ocrx_word' id='word_1_122' title='bbox 722 2451 860 2535; x_wconf 87' lang='lat' dir='ltr'><strong>possent</strong></span> <span class='ocrx_word' id='word_1_123' title='bbox 895 2446 984 2513; x_wconf 84' lang='lat' dir='ltr'><strong>ferre</strong></span> <span class='ocrx_word' id='word_1_124' title='bbox 1025 2443 1133 2531; x_wconf 85' lang='lat' dir='ltr'><strong>(Plut.</strong></span> <span class='ocrx_word' id='word_1_125' title='bbox 1185 2435 1187 2447; x_wconf 86' lang='lat'>&#39;</span> 
     </span>
     <span class='ocr_line' id='line_1_19' title="bbox 46 2542 618 2638; baseline -0.002 -26"><span class='ocrx_word' id='word_1_126' title='bbox 46 2545 137 2612; x_wconf 81' lang='lat' dir='ltr'><strong>Aret.</strong></span> <span class='ocrx_word' id='word_1_127' title='bbox 159 2562 191 2610; x_wconf 90' lang='lat' dir='ltr'><strong>c.</strong></span> <span class='ocrx_word' id='word_1_128' title='bbox 211 2545 263 2610; x_wconf 80' lang='grc'><strong>47.</strong></span> <span class='ocrx_word' id='word_1_129' title='bbox 284 2545 397 2632; x_wconf 84' lang='lat' dir='ltr'><strong>Polyb.</strong></span> <span class='ocrx_word' id='word_1_130' title='bbox 417 2545 535 2634; x_wconf 66' lang='lat' dir='ltr'><strong>lv,‚o</strong></span> <span class='ocrx_word' id='word_1_131' title='bbox 555 2542 618 2638; x_wconf 78' lang='grc'><strong>7.).</strong></span> 
     </span>
    </p>

    <p class='ocr_par' dir='ltr' id='par_1_4' title="bbox 5 2643 1135 2934">
     <span class='ocr_line' id='line_1_20' title="bbox 122 2643 1135 2714; baseline -0.003 -3"><span class='ocrx_word' id='word_1_132' title='bbox 122 2643 287 2712; x_wconf 79' lang='lat' dir='ltr'><strong>Messenii</strong></span> <span class='ocrx_word' id='word_1_133' title='bbox 305 2646 340 2713; x_wconf 93' lang='lat' dir='ltr'><strong>in</strong></span> <span class='ocrx_word' id='word_1_134' title='bbox 360 2647 529 2714; x_wconf 89' lang='lat' dir='ltr'><strong>societatis</strong></span> <span class='ocrx_word' id='word_1_135' title='bbox 547 2648 718 2714; x_wconf 80' lang='lat' dir='ltr'><strong>Achaicae</strong></span> <span class='ocrx_word' id='word_1_136' title='bbox 733 2647 986 2714; x_wconf 88' lang='lat' dir='ltr'><strong>communionem</strong></span> <span class='ocrx_word' id='word_1_137' title='bbox 999 2659 1135 2712; x_wconf 90' lang='lat' dir='ltr'><strong>nonre-</strong></span> 
     </span>
     <span class='ocr_line' id='line_1_21' title="bbox 5 2741 1135 2835; baseline -0.002 -28"><span class='ocrx_word' id='word_1_138' title='bbox 5 2813 9 2822; x_wconf 95' lang='lat'><strong>.</strong></span> <span class='ocrx_word' id='word_1_139' title='bbox 46 2743 224 2831; x_wconf 84' lang='lat' dir='ltr'><strong>cipiantur,</strong></span> <span class='ocrx_word' id='word_1_140' title='bbox 244 2744 319 2829; x_wconf 87' lang='lat' dir='ltr'><strong>quia</strong></span> <span class='ocrx_word' id='word_1_141' title='bbox 340 2761 412 2811; x_wconf 91' lang='lat' dir='ltr'><strong>cum</strong></span> <span class='ocrx_word' id='word_1_142' title='bbox 430 2746 579 2835; x_wconf 89' lang='lat' dir='ltr'><strong>Philippo</strong></span> <span class='ocrx_word' id='word_1_143' title='bbox 607 2753 738 2834; x_wconf 90' lang='lat' dir='ltr'><strong>pactum</strong></span> <span class='ocrx_word' id='word_1_144' title='bbox 759 2751 851 2833; x_wconf 91' lang='lat' dir='ltr'><strong>erat,</strong></span> <span class='ocrx_word' id='word_1_145' title='bbox 870 2763 924 2812; x_wconf 91' lang='lat' dir='ltr'><strong>ne</strong></span> <span class='ocrx_word' id='word_1_146' title='bbox 954 2744 1044 2829; x_wconf 77' lang='lat' dir='ltr'><strong>quis,</strong></span> <span class='ocrx_word' id='word_1_147' title='bbox 1071 2741 1135 2807; x_wconf 89' lang='lat' dir='ltr'><strong>nisi</strong></span> 
     </span>
     <span class='ocr_line' id='line_1_22' title="bbox 46 2841 1134 2934; baseline -0.003 -28"><span class='ocrx_word' id='word_1_148' title='bbox 46 2861 126 2933; x_wconf 90' lang='lat' dir='ltr'><strong>rege</strong></span> <span class='ocrx_word' id='word_1_149' title='bbox 140 2845 241 2910; x_wconf 90' lang='lat' dir='ltr'><strong>etiam</strong></span> <span class='ocrx_word' id='word_1_150' title='bbox 254 2850 430 2934; x_wconf 89' lang='lat' dir='ltr'><strong>annuente,</strong></span> <span class='ocrx_word' id='word_1_151' title='bbox 450 2866 558 2914; x_wconf 90' lang='lat' dir='ltr'><strong>novus</strong></span> <span class='ocrx_word' id='word_1_152' title='bbox 578 2847 690 2914; x_wconf 89' lang='lat' dir='ltr'><strong>socius</strong></span> <span class='ocrx_word' id='word_1_153' title='bbox 710 2846 858 2913; x_wconf 89' lang='lat' dir='ltr'><strong>Achaeis</strong></span> <span class='ocrx_word' id='word_1_154' title='bbox 878 2841 1134 2908; x_wconf 87' lang='lat' dir='ltr'><strong>adscriberetur.</strong></span> 
     </span>
    </p>
   </div>
   <div class='ocr_carea' id='block_1_4' title="bbox 43 2942 1185 3932">
    <p class='ocr_par' dir='ltr' id='par_1_5' title="bbox 46 2942 1185 3138">
     <span class='ocr_line' id='line_1_23' title="bbox 46 2942 1185 3036; baseline 0 -29"><span class='ocrx_word' id='word_1_155' title='bbox 46 2943 187 3010; x_wconf 83' lang='lat' dir='ltr'><strong>Pontum</strong></span> <span class='ocrx_word' id='word_1_156' title='bbox 216 2943 281 3010; x_wconf 76' lang='lat' dir='ltr'><strong>mm</strong></span> <span class='ocrx_word' id='word_1_157' title='bbox 307 2951 374 3015; x_wconf 90' lang='lat' dir='ltr'><strong>tum</strong></span> <span class='ocrx_word' id='word_1_158' title='bbox 402 2947 531 3015; x_wconf 89' lang='lat' dir='ltr'><strong>Achaei</strong></span> <span class='ocrx_word' id='word_1_159' title='bbox 557 2948 695 3036; x_wconf 91' lang='lat' dir='ltr'><strong>regibus</strong></span> <span class='ocrx_word' id='word_1_160' title='bbox 714 2942 933 3016; x_wconf 86' lang='lat' dir='ltr'><strong>Macedonum</strong></span> <span class='ocrx_word' id='word_1_161' title='bbox 953 2958 1136 3010; x_wconf 86' lang='lat' dir='ltr'><strong>concesse·</strong></span> <span class='ocrx_word' id='word_1_162' title='bbox 1182 3001 1185 3006; x_wconf 88' lang='lat'><strong>.</strong></span> 
     </span>
     <span class='ocr_line' id='line_1_24' title="bbox 46 3041 608 3138; baseline 0.007 -30"><span class='ocrx_word' id='word_1_163' title='bbox 46 3049 119 3110; x_wconf 89' lang='lat' dir='ltr'><strong>rant</strong></span> <span class='ocrx_word' id='word_1_164' title='bbox 139 3041 386 3114; x_wconf 80' lang='lat' dir='ltr'><strong>auctoritatem!</strong></span> <span class='ocrx_word' id='word_1_165' title='bbox 408 3047 462 3135; x_wconf 92' lang='lat' dir='ltr'><strong>(c.</strong></span> <span class='ocrx_word' id='word_1_166' title='bbox 482 3050 513 3112; x_wconf 92' lang='grc'>9.</span> <span class='ocrx_word' id='word_1_167' title='bbox 536 3042 608 3138; x_wconf 83' lang='grc'>19.)</span> 
     </span>
    </p>

    <p class='ocr_par' dir='ltr' id='par_1_6' title="bbox 43 3143 1160 3932">
     <span class='ocr_line' id='line_1_25' title="bbox 123 3143 1135 3238; baseline -0.004 -26"><span class='ocrx_word' id='word_1_168' title='bbox 123 3143 329 3232; x_wconf 77' lang='lat' dir='ltr'><strong>Megalopoli</strong></span> <span class='ocrx_word' id='word_1_169' title='bbox 348 3147 474 3214; x_wconf 85' lang='lat' dir='ltr'><strong>Aratus</strong></span> <span class='ocrx_word' id='word_1_170' title='bbox 503 3145 595 3214; x_wconf 85' lang='lat' dir='ltr'><strong>duxit</strong></span> <span class='ocrx_word' id='word_1_171' title='bbox 613 3148 647 3214; x_wconf 90' lang='lat' dir='ltr'><strong>in</strong></span> <span class='ocrx_word' id='word_1_172' title='bbox 672 3147 830 3238; x_wconf 78' lang='lat' dir='ltr'><strong>Aetolos,</strong></span> <span class='ocrx_word' id='word_1_173' title='bbox 852 3149 880 3212; x_wconf 73' lang='lat' dir='ltr'><strong>‘e</strong></span> <span class='ocrx_word' id='word_1_174' title='bbox 907 3143 1135 3230; x_wconf 87' lang='lat' dir='ltr'><strong>Peloponneso</strong></span> 
     </span>
     <span class='ocr_line' id='line_1_26' title="bbox 45 3242 1139 3334; baseline -0.004 -25"><span class='ocrx_word' id='word_1_175' title='bbox 45 3242 281 3331; x_wconf 80' lang='lat' dir='ltr'><strong>recedentes,</strong></span> <span class='ocrx_word' id='word_1_176' title='bbox 295 3253 329 3312; x_wconf 91' lang='lat' dir='ltr'><strong>et</strong></span> <span class='ocrx_word' id='word_1_177' title='bbox 366 3245 461 3316; x_wconf 90' lang='lat' dir='ltr'><strong>clade</strong></span> <span class='ocrx_word' id='word_1_178' title='bbox 489 3249 644 3314; x_wconf 85' lang='lat' dir='ltr'><strong>maxima</strong></span> <span class='ocrx_word' id='word_1_179' title='bbox 662 3245 705 3312; x_wconf 91' lang='lat' dir='ltr'><strong>ad</strong></span> <span class='ocrx_word' id='word_1_180' title='bbox 734 3243 891 3334; x_wconf 77' lang='lat' dir='ltr'><strong>Gaphyas</strong></span> <span class='ocrx_word' id='word_1_181' title='bbox 917 3248 970 3309; x_wconf 90' lang='lat' dir='ltr'><strong>est</strong></span> <span class='ocrx_word' id='word_1_182' title='bbox 992 3243 1139 3307; x_wconf 84' lang='lat' dir='ltr'><strong>allectus</strong></span> 
     </span>
     <span class='ocr_line' id='line_1_27' title="bbox 45 3335 1133 3434; baseline -0.004 -24"><span class='ocrx_word' id='word_1_183' title='bbox 45 3343 183 3430; x_wconf 85' lang='lat' dir='ltr'><strong>(Polyb.</strong></span> <span class='ocrx_word' id='word_1_184' title='bbox 204 3342 254 3408; x_wconf 93' lang='lat' dir='ltr'><strong>IV</strong></span> <span class='ocrx_word' id='word_1_185' title='bbox 262 3348 337 3434; x_wconf 91' lang='grc'>,9,</span> <span class='ocrx_word' id='word_1_186' title='bbox 365 3349 397 3410; x_wconf 82' lang='grc'><strong>8.</strong></span> <span class='ocrx_word' id='word_1_187' title='bbox 428 3344 974 3431; x_wconf 70' lang='lat' dir='ltr'><strong>o.11.12.Plut.Aratc.ct.</strong></span> <span class='ocrx_word' id='word_1_188' title='bbox 1009 3335 1133 3406; x_wconf 79' lang='lat' dir='ltr'><strong>Polard</strong></span> 
     </span>
     <span class='ocr_line' id='line_1_28' title="bbox 45 3437 1139 3534; baseline -0.005 -26"><span class='ocrx_word' id='word_1_189' title='bbox 45 3462 84 3510; x_wconf 84' lang='lat' dir='ltr'><strong>ex</strong></span> <span class='ocrx_word' id='word_1_190' title='bbox 104 3446 277 3530; x_wconf 90' lang='lat' dir='ltr'><strong>interpret.</strong></span> <span class='ocrx_word' id='word_1_191' title='bbox 298 3445 340 3512; x_wconf 87' lang='lat' dir='ltr'><strong>de</strong></span> <span class='ocrx_word' id='word_1_192' title='bbox 361 3443 521 3516; x_wconf 80' lang='lat' dir='ltr'><strong>Oelsnitu.</strong></span> <span class='ocrx_word' id='word_1_193' title='bbox 542 3449 581 3512; x_wconf 74' lang='lat'><strong>¹1¹.</strong></span> <span class='ocrx_word' id='word_1_194' title='bbox 602 3445 645 3512; x_wconf 93' lang='lat' dir='ltr'><strong>V.</strong></span> <span class='ocrx_word' id='word_1_195' title='bbox 666 3467 696 3534; x_wconf 94' lang='lat' dir='ltr'><strong>p.</strong></span> <span class='ocrx_word' id='word_1_196' title='bbox 717 3449 768 3510; x_wconf 92' lang='grc'><strong>19.</strong></span> <span class='ocrx_word' id='word_1_197' title='bbox 790 3438 871 3532; x_wconf 82' lang='lat' dir='ltr'><strong>sq).</strong></span> <span class='ocrx_word' id='word_1_198' title='bbox 912 3437 1139 3528; x_wconf 74' lang='lat' dir='ltr'><strong>Megalopoli--</strong></span> 
     </span>
     <span class='ocr_line' id='line_1_29' title="bbox 45 3535 1160 3636; baseline -0.006 -28"><span class='ocrx_word' id='word_1_199' title='bbox 45 3545 110 3610; x_wconf 92' lang='lat' dir='ltr'><strong>tani</strong></span> <span class='ocrx_word' id='word_1_200' title='bbox 130 3559 212 3608; x_wconf 90' lang='lat' dir='ltr'><strong>sero</strong></span> <span class='ocrx_word' id='word_1_201' title='bbox 231 3540 409 3629; x_wconf 85' lang='lat' dir='ltr'><strong>adveniunt</strong></span> <span class='ocrx_word' id='word_1_202' title='bbox 429 3548 493 3613; x_wconf 92' lang='lat' dir='ltr'><strong>et&#39;</strong></span> <span class='ocrx_word' id='word_1_203' title='bbox 482 3567 517 3614; x_wconf 92' lang='lat' dir='ltr'><strong>m</strong></span> <span class='ocrx_word' id='word_1_204' title='bbox 536 3564 652 3636; x_wconf 90' lang='lat' dir='ltr'><strong>pugna</strong></span> <span class='ocrx_word' id='word_1_205' title='bbox 671 3563 791 3612; x_wconf 88' lang='lat' dir='ltr'><strong>caesos</strong></span> <span class='ocrx_word' id='word_1_206' title='bbox 811 3541 984 3629; x_wconf 85' lang='lat' dir='ltr'><strong>sepeliunt.</strong></span> <span class='ocrx_word' id='word_1_207' title='bbox 1025 3535 1135 3624; x_wconf 82' lang='lat' dir='ltr'><strong>Spar·</strong></span> <span class='ocrx_word' id='word_1_208' title='bbox 1157 3579 1160 3588; x_wconf 61' lang='grc'>.</span> 
     </span>
     <span class='ocr_line' id='line_1_30' title="bbox 43 3635 1135 3733; baseline -0.004 -25"><span class='ocrx_word' id='word_1_209' title='bbox 43 3643 130 3730; x_wconf 87' lang='lat' dir='ltr'><strong>tani,</strong></span> <span class='ocrx_word' id='word_1_210' title='bbox 151 3642 246 3707; x_wconf 87' lang='lat' dir='ltr'><strong>elai</strong></span> <span class='ocrx_word' id='word_1_211' title='bbox 234 3659 298 3709; x_wconf 83' lang='lat' dir='ltr'><strong>ram</strong></span> <span class='ocrx_word' id='word_1_212' title='bbox 318 3661 359 3710; x_wconf 92' lang='lat' dir='ltr'><strong>eo</strong></span> <span class='ocrx_word' id='word_1_213' title='bbox 378 3648 536 3733; x_wconf 82' lang='lat' dir='ltr'><strong>tempore,</strong></span> <span class='ocrx_word' id='word_1_214' title='bbox 556 3665 620 3732; x_wconf 85' lang='lat' dir='ltr'><strong>quo</strong></span> <span class='ocrx_word' id='word_1_215' title='bbox 635 3644 809 3714; x_wconf 85' lang='lat' dir='ltr'><strong>commissa</strong></span> <span class='ocrx_word' id='word_1_216' title='bbox 822 3646 875 3708; x_wconf 88' lang='lat' dir='ltr'><strong>est</strong></span> <span class='ocrx_word' id='word_1_217' title='bbox 888 3654 1023 3728; x_wconf 83' lang='lat' dir='ltr'><strong>pugna,</strong></span> <span class='ocrx_word' id='word_1_218' title='bbox 1050 3635 1135 3704; x_wconf 89' lang='lat' dir='ltr'><strong>alie-</strong></span> 
     </span>
     <span class='ocr_line' id='line_1_31' title="bbox 44 3739 1135 3834; baseline -0.005 -27"><span class='ocrx_word' id='word_1_219' title='bbox 44 3749 121 3825; x_wconf 87' lang='lat' dir='ltr'><strong>nato</strong></span> <span class='ocrx_word' id='word_1_220' title='bbox 141 3739 262 3810; x_wconf 86' lang='lat' dir='ltr'><strong>inerint</strong></span> <span class='ocrx_word' id='word_1_221' title='bbox 283 3743 388 3812; x_wconf 78' lang='lat' dir='ltr'><strong>ammo</strong></span> <span class='ocrx_word' id='word_1_222' title='bbox 409 3745 452 3810; x_wconf 91' lang='lat' dir='ltr'><strong>ab</strong></span> <span class='ocrx_word' id='word_1_223' title='bbox 473 3745 639 3834; x_wconf 82' lang='lat' dir='ltr'><strong>Achaeis,</strong></span> <span class='ocrx_word' id='word_1_224' title='bbox 658 3745 836 3834; x_wconf 88' lang='lat' dir='ltr'><strong>participes</strong></span> <span class='ocrx_word' id='word_1_225' title='bbox 863 3745 974 3806; x_wconf 88' lang='lat' dir='ltr'><strong>tamen</strong></span> <span class='ocrx_word' id='word_1_226' title='bbox 1000 3755 1135 3826; x_wconf 82' lang='lat' dir='ltr'><strong>pugnae</strong></span> 
     </span>
     <span class='ocr_line' id='line_1_32' title="bbox 44 3835 1135 3932; baseline -0.002 -26"><span class='ocrx_word' id='word_1_227' title='bbox 44 3859 121 3907; x_wconf 87' lang='lat' dir='ltr'><strong>esse</strong></span> <span class='ocrx_word' id='word_1_228' title='bbox 141 3859 209 3908; x_wconf 92' lang='lat' dir='ltr'><strong>non</strong></span> <span class='ocrx_word' id='word_1_229' title='bbox 229 3848 419 3932; x_wconf 83' lang='lat' dir='ltr'><strong>potuerunt,</strong></span> <span class='ocrx_word' id='word_1_230' title='bbox 446 3861 637 3930; x_wconf 85' lang='lat' dir='ltr'><strong>quamquam</strong></span> <span class='ocrx_word' id='word_1_231' title='bbox 661 3842 750 3910; x_wconf 88' lang='lat' dir='ltr'><strong>dicto</strong></span> <span class='ocrx_word' id='word_1_232' title='bbox 776 3839 940 3930; x_wconf 78' lang='lat' dir='ltr'><strong>praetoris</strong></span> <span class='ocrx_word' id='word_1_233' title='bbox 953 3835 1135 3904; x_wconf 84' lang='lat' dir='ltr'><strong>audientes</strong></span> 
     </span>
    </p>
   </div>
   <div class='ocr_carea' id='block_1_5' title="bbox 45 3933 1244 4032">
    <p class='ocr_par' dir='ltr' id='par_1_7' title="bbox 45 3933 1244 4032">
     <span class='ocr_line' id='line_1_33' title="bbox 45 3933 1244 4032; baseline -0.008 -22"><span class='ocrx_word' id='word_1_234' title='bbox 45 3948 270 4010; x_wconf 86' lang='lat' dir='ltr'><strong>convenerant</strong></span> <span class='ocrx_word' id='word_1_235' title='bbox 294 3944 504 4031; x_wconf 75' lang='lat' dir='ltr'><strong>aequantes,</strong></span> <span class='ocrx_word' id='word_1_236' title='bbox 534 3945 682 4029; x_wconf 79' lang='lat' dir='ltr'><strong>quoidam</strong></span> <span class='ocrx_word' id='word_1_237' title='bbox 712 3944 838 4008; x_wconf 87' lang='lat' dir='ltr'><strong>Aratus</strong></span> <span class='ocrx_word' id='word_1_238' title='bbox 864 3955 924 4026; x_wconf 90' lang='lat' dir='ltr'><strong>per</strong></span> <span class='ocrx_word' id='word_1_239' title='bbox 944 3933 1135 4032; x_wconf 82' lang='lat' dir='ltr'><strong>impruden·</strong></span> <span class='ocrx_word' id='word_1_240' title='bbox 1242 3955 1244 3964; x_wconf 64' lang='lat'><strong><em>¹</em></strong></span> 
     </span>
    </p>
   </div>
   <div class='ocr_carea' id='block_1_6' title="bbox 45 4035 1136 4229">
    <p class='ocr_par' dir='ltr' id='par_1_8' title="bbox 45 4035 1136 4229">
     <span class='ocr_line' id='line_1_34' title="bbox 45 4035 1136 4132; baseline -0.009 -24"><span class='ocrx_word' id='word_1_241' title='bbox 45 4043 121 4110; x_wconf 84' lang='lat' dir='ltr'><strong>tiam</strong></span> <span class='ocrx_word' id='word_1_242' title='bbox 143 4059 364 4132; x_wconf 87' lang='lat' dir='ltr'><strong>praepropere</strong></span> <span class='ocrx_word' id='word_1_243' title='bbox 384 4064 444 4112; x_wconf 87' lang='lat' dir='ltr'><strong>eos</strong></span> <span class='ocrx_word' id='word_1_244' title='bbox 464 4041 592 4110; x_wconf 91' lang='lat' dir='ltr'><strong>domum</strong></span> <span class='ocrx_word' id='word_1_245' title='bbox 612 4039 778 4108; x_wconf 90' lang='lat' dir='ltr'><strong>dimiserat</strong></span> <span class='ocrx_word' id='word_1_246' title='bbox 813 4037 952 4130; x_wconf 89' lang='lat' dir='ltr'><strong>(Polyb.</strong></span> <span class='ocrx_word' id='word_1_247' title='bbox 982 4035 1053 4122; x_wconf 85' lang='lat' dir='ltr'><strong>1v‚</strong></span> <span class='ocrx_word' id='word_1_248' title='bbox 1070 4038 1136 4119; x_wconf 90' lang='grc'>.19,</span> 
     </span>
     <span class='ocr_line' id='line_1_35' title="bbox 45 4133 1136 4229; baseline -0.011 -23"><span class='ocrx_word' id='word_1_249' title='bbox 45 4145 69 4208; x_wconf 94' lang='grc'><strong>1.</strong></span> <span class='ocrx_word' id='word_1_250' title='bbox 97 4144 160 4229; x_wconf 90' lang='grc'>19,</span> <span class='ocrx_word' id='word_1_251' title='bbox 180 4145 212 4206; x_wconf 93' lang='grc'>9.</span> <span class='ocrx_word' id='word_1_252' title='bbox 239 4142 279 4208; x_wconf 87' lang='lat' dir='ltr'><strong>ci.</strong></span> <span class='ocrx_word' id='word_1_253' title='bbox 306 4144 417 4210; x_wconf 82' lang='lat' dir='ltr'><strong>Lucas</strong></span> <span class='ocrx_word' id='word_1_254' title='bbox 445 4145 467 4208; x_wconf 94' lang='lat' dir='ltr'><strong>l.</strong></span> <span class='ocrx_word' id='word_1_255' title='bbox 488 4159 518 4207; x_wconf 93' lang='lat' dir='ltr'><strong>e.</strong></span> <span class='ocrx_word' id='word_1_256' title='bbox 539 4162 571 4228; x_wconf 95' lang='lat' dir='ltr'><strong>p.</strong></span> <span class='ocrx_word' id='word_1_257' title='bbox 592 4144 663 4206; x_wconf 80' lang='grc'>199.</span> <span class='ocrx_word' id='word_1_258' title='bbox 684 4142 728 4208; x_wconf 91' lang='grc' dir='ltr'><strong>Ν.</strong></span> <span class='ocrx_word' id='word_1_259' title='bbox 749 4135 811 4229; x_wconf 71' lang='grc'><strong>2.)</strong></span> <span class='ocrx_word' id='word_1_260' title='bbox 853 4137 949 4204; x_wconf 84' lang='lat' dir='ltr'><strong>llaec</strong></span> <span class='ocrx_word' id='word_1_261' title='bbox 982 4133 1136 4204; x_wconf 83' lang='lat' dir='ltr'><strong>Menaeni</strong></span> 
     </span>
    </p>
   </div>
   <div class='ocr_carea' id='block_1_7' title="bbox 43 4231 1136 4336">
    <p class='ocr_par' dir='ltr' id='par_1_9' title="bbox 43 4231 1136 4336">
     <span class='ocr_line' id='line_1_36' title="bbox 43 4231 1136 4336; baseline 0.005 -28"><span class='ocrx_word' id='word_1_262' title='bbox 43 4240 81 4336; x_wconf 88' lang='lat' dir='ltr'><strong>(l.</strong></span> <span class='ocrx_word' id='word_1_263' title='bbox 104 4261 136 4310; x_wconf 86' lang='lat' dir='ltr'><strong>c.</strong></span> <span class='ocrx_word' id='word_1_264' title='bbox 156 4242 228 4331; x_wconf 89' lang='grc' dir='ltr'><strong>ΠΙ,</strong></span> <span class='ocrx_word' id='word_1_265' title='bbox 248 4244 278 4306; x_wconf 92' lang='grc'><strong>1.</strong></span> <span class='ocrx_word' id='word_1_266' title='bbox 298 4263 329 4331; x_wconf 93' lang='lat' dir='ltr'><strong>p.</strong></span> <span class='ocrx_word' id='word_1_267' title='bbox 357 4237 452 4336; x_wconf 76' lang='grc'>779.)</span> <span class='ocrx_word' id='word_1_268' title='bbox 478 4242 724 4330; x_wconf 81' lang='lat' dir='ltr'><strong>obmoyeantur.</strong></span> <span class='ocrx_word' id='word_1_269' title='bbox 775 4237 887 4306; x_wconf 85' lang='lat' dir='ltr'><strong>Aetoli</strong></span> <span class='ocrx_word' id='word_1_270' title='bbox 913 4237 1052 4314; x_wconf 82' lang='lat' dir='ltr'><strong>victoria</strong></span> <span class='ocrx_word' id='word_1_271' title='bbox 1073 4231 1136 4317; x_wconf 67' lang='lat'><strong>¹¹⁵5&gt;</strong></span> 
     </span>
    </p>
   </div>
   <div class='ocr_carea' id='block_1_8' title="bbox 0 0 1426 4952">
    <p class='ocr_par' dir='ltr' id='par_1_10' title="bbox 0 0 1426 4952">
     <span class='ocr_line' id='line_1_37' title="bbox 0 0 1426 4952; baseline 0 1"><span class='ocrx_word' id='word_1_272' title='bbox 0 0 1426 4952; x_wconf 95' lang='lat' dir='ltr'><strong> </strong></span> 
     </span>
    </p>
   </div>
  </div>
 </body>
</html>
