2902 4956
806 313 1032 428 δ’-.

277 568 356 618 πων
376 543 439 638 τὴν
458 542 578 625 πόλιν,
611 539 694 624 uicta
715 549 776 612 καὶ
802 543 837 622 ἐς
863 541 999 610 Imma»
1030 561 1192 630 occepou,
1223 541 1271 618 ὠς
1296 543 1370 626 οὐχ
1436 625 1437 634 ¹

244 651 394 740 daumio
423 643 529 736 ocupa
558 647 618 736 τῆς
643 643 812 732 Ἀττικῆς,
839 643 1007 718 ἀποικίας
1028 632 1246 730 ἐξέπεμψαν·
1274 659 1369 727 quae

276 766 360 816 cum
368 744 544 815 Strabonis
565 745 728 814 sontcutia
747 747 863 833 optime
883 760 1070 830 congruere
1089 739 1261 828 videntur,
1282 761 1371 827 pro-

273 849 393 934 pterea
405 847 504 934 etiam
516 843 644 918 videbar
656 846 762 932 potior
777 844 969 934 (ieographi
988 843 1153 928 narratio,
1169 841 1375 927 praesertim

275 955 373 1032 quum
391 947 576 1018 Pausanias
596 947 661 1015 et
651 963 723 1034 ipse
748 945 811 1011 sibi
836 942 987 1012 videatur
1014 941 1214 1011 contrarium
1238 939 1372 1008 dixisse

53 1105 58 1114 .
179 1107 181 1112 ,
275 1046 390 1112 locis
378 1063 442 1110 uam
463 1063 564 1132 supra
585 1045 748 1133 aliatisl,
767 1047 826 1131 81,
847 1047 877 1108 2.
908 1045 960 1130 Π,
981 1045 1039 1128 14,
1060 1043 1090 1104 2.
1122 1046 1155 1107 et
1176 1039 1257 1126 VII,
1278 1043 1310 1127 1,
1328 1043 1371 1103 2·

179 1165 181 1180 “
277 1136 357 1210 τότε
371 1141 398 1208 ὅ
413 1143 468 1210 ἐπὶ
482 1149 540 1235 τῆς
555 1141 674 1221 Ἱωνος
688 1143 864 1221 βασιλείας
877 1134 1151 1232 πολεμησάντων
1169 1131 1374 1228 Ἀθὴιιαιόις

275 1239 445 1310 moveor
429 1249 508 1322 ι,αιν
531 1247 598 1310 και
608 1241 805 1360 Ἀθιιναίων
819 1235 923 1308 Imma
943 1232 1170 1362 ἐπαγομένων
1198 1239 1258 1305 ἐπι
1287 1237 1369 1327 ἡγε-

274 1349 377 1432 μανίᾳ
398 1345 462 1408 τοῦ
482 1335 657 1430 πολέμου,
679 1335 740 1436 cdv
761 1333 823 1430 μὲν
841 1340 876 1406 ἐν
893 1365 934 1430 τῃ
919 1335 1081 1427 ’Ἀττικῇ
1098 1335 1138 1404 ud
1158 1331 1273 1424 χρεών
1291 1338 1371 1403 aaa·
1436 1389 1437 1422 ;

233 1471 237 1486 ·
275 1435 450 1528 λαμβανα
468 1447 525 1510 καὶ
540 1438 686 1520 Ἱωνος
675 1465 797 1530 pappa
813 1460 921 1522 εστιν
944 1439 1063 1528 quod
1046 1444 1161 1506 tamen
1172 1459 1229 1505 vrx
1244 1436 1372 1504 factum
1436 1451 1437 1498 3

276 1543 480 1630 putaverim,
507 1541 537 1614 si
556 1559 677 1620 revera
703 1541 836 1610 Xuthus
861 1543 903 1608 ab
931 1543 1066 1611 Atticae
1093 1541 1220 1606 incolis
1218 1541 1372 1625 eiectus,

274 1657 383 1726 neque
395 1641 456 1708 lon
470 1659 611 1727 unquam
623 1661 686 1709 rex
699 1643 835 1708 Ionum
825 1661 858 1708 ιιι
871 1639 1008 1708 Atthide
1026 1641 1222 1708 constitutus
1240 1639 1374 1708 fuisset.
1436 1647 1437 1708 J

359 1737 431 1806 Sed
451 1731 602 1807 lubenter
622 1739 778 1806 accedam
797 1743 955 1830 Koenigii
975 1743 1008 1806 in
1023 1739 1303 1807 commentatione
1325 1736 1372 1802 de
1436 1773 1437 1810 3

275 1836 463 1906 Pausaniae
482 1839 548 1906 hde
570 1846 604 1906 et
624 1841 820 1916 auctoritate
847 1839 1050 1927 sententiae,
1077 1840 1131 1926 qni
1151 1845 1261 1924 quum
1281 1839 1374 1902 iusto

274 1935 414 2024 levius
403 1959 438 2024 ιιι
459 1939 606 2006 rebnsor
578 1942 687 2030 gestis
709 1939 912 2028 exponendis
940 1945 1110 2007 versatum
1136 1954 1213 2004 esse
1236 1935 1374 2006 Pausa·
1436 1925 1437 1930 ’

275 2035 363 2102 niam
383 2037 659 2106 demonstrasset:
680 2037 719 2106 ld
740 2041 897 2127 tamen,
886 2041 1002 2127 unque,
1029 2035 1088 2132 (p
1110 2027 1225 2130 21.)
1215 2057 1281 2104 non
1308 2056 1374 2100 ur·
1436 2039 1437 2046 ’

274 2136 382 2223 gebo,
404 2136 488 2223 quod
502 2141 634 2254 ceteri,
642 2141 697 2226 qui
710 2145 907 2228 supersunt,
928 2141 1108 2227 scriptores
1121 2137 1377 2254 remotissimam

275 2240 455 2323 temporum
487 2241 674 2306 memoriam
707 2241 913 2323 explicantes
950 2257 1067 2324 saepe
1089 2238 1135 2302 illi
1165 2240 1375 2352 repugnant.
1436 2293 1437 2296 ,

277 2332 394 2399 Nam
384 2340 418 2397 m
438 2335 490 2397 his
510 2337 609 2399 ιοιιιιε
623 2337 709 2400 tama
721 2335 921 2422 dominatur,
943 2353 1030 2421 quae
1041 2333 1149 2400 cundo
1167 2337 1297 2400 vaniam
1318 2337 1376 2400 in-

275 2429 346 2496 duit
363 2432 518 2517 speciem.
559 2431 799 2519 Negligontiae
828 2436 931 2514 igitur
960 2455 1027 2501 non
1053 2431 1272 2532 imputandum
1300 2442 1376 2522 cst,

220 2521 223 2534 '
279 2529 364 2618 quod
387 2523 477 2619 VH,
492 2535 527 2619 1,
550 2535 581 2596 2.
603 2531 668 2595 alia
689 2533 787 2614 atque
807 2525 1004 2593 Herodotus
1009 2533 1060 2615 li,
1077 2537 1129 2593 aa.
1141 2523 1186 2596 et
1205 2533 1273 2622 lii,
1293 2535 1374 2619 2,1.

277 2631 342 2696 alia
360 2629 460 2718 atque
461 2577 599 2717 Strabo
621 2630 722 2717 ΜΠ,
741 2630 814 2694 852.
836 2631 989 2694 enarrat.
1015 2627 1063 2694 At
1081 2577 1274 2716 persuasum
1293 2634 1376 2699 mihi

165 2729 167 2738 ’
279 2731 407 2800 omnino
428 2737 481 2798 est
491 2677 722 2830 ,diligentem
727 2729 920 2815 scriptorem
933 2727 1055 2796 neista
1070 2721 1198 2818 quidem
1211 2748 1375 2818 narrasse
1436 2739 1437 2756 ¹

277 2831 346 2908 niso,
335 2829 474 2904 addita
493 2825 630 2901 aliorum
644 2831 813 2901 *varietate
837 2846 862 2892 a
862 2833 938 2914 tque
966 2825 1201 2916 discrepantia.¹
1242 2829 1375 2906 ,verum
1436 2855 1437 2860 ¹

280 2935 350 2996 ubst
371 2937 438 3017 est,
458 2929 535 2996 iliud
556 2937 665 2998 tamen
691 2946 888 2994 consensum
913 2929 1051 2994 omnium
1078 2929 1148 3010 iere
1171 2931 1374 3016 scriptorum
1435 2991 1437 3008 ,

277 3030 411 3096 firmum
423 3036 533 3096 manet
553 3035 652 3116 atque
671 3027 882 3114 immutabile,
902 3028 1032 3093 lones
1021 3049 1055 3095 m
1076 3029 1273 3116 Aegialeam
1292 3049 1374 3118 per·
1436 3061 1437 3066 1

281 3131 416 3196 venisse
444 3131 552 3216 ibique
579 3127 621 3194 ad
651 3129 863 3216 posteritatis
885 3129 1071 3210 memoriam
1099 3127 1218 3194 ineolis
1241 3127 1283 3196 de
1311 3150 1374 3198 suo

281 3231 409 3334 nomine
428 3231 542 3297 Ionum
563 3246 747 3336 cognomen
768 3225 980 3294 indidisse.
999 3235 1015 3248 '⁴
1259 3230 1261 3250 ²

849 3371 910 3456 2.

503 3559 505 3574 .
635 3379 945 3578 Αααιὲι.
864 3515 996 3578 naua.
1377 3565 1437 3596 „x

365 3627 510 3712 Achaei,
543 3632 579 3692 ut
612 3625 655 3692 ud
688 3627 827 3692 aiterum
862 3623 966 3692 Xuthi
997 3625 1097 3690 libum
1123 3624 1373 3716 transgrediar,

150 3705 153 3712 V
285 3729 387 3816 vulgo
409 3723 546 3812 quidem
555 3726 717 3792 habentur
745 3725 870 3812 posteri
899 3725 1026 3790 Achaei
1055 3726 1141 3790 illius
1166 3723 1222 3788 iiiii
1251 3725 1374 3814 Xuthi,

287 3828 341 3913 qui
361 3825 528 3898 Strabone
549 3831 625 3920 auct
626 3845 683 3918 ore
704 3845 759 3891 ex
767 3820 955 3911 Atthidem
977 3825 1154 3891 Laconiam'
1176 3825 1372 3912 commigra-

182 3997 185 4000 ,
285 3927 362 4012 vit,
376 3944 405 4001 a
429 3911 608 4006 Pausania
619 3943 700 3996 vero
718 3943 841 4006 rursus
869 3901 1172 4016 ePeloponneso
1162 3943 1196 3988 m
1221 3923 1372 3990 Thessa·
1436 3929 1437 3934 ’

282 4024 362 4096 ham
376 4023 499 4100 dicitm
520 4025 727 4091 concessisse
752 4023 861 4108 ibique
880 4035 1051 4111 paternum
1069 4041 1215 4110 regnum
1230 4039 1371 4109 recupe-
1436 4043 1437 4052 ¹

280 4131 390 4189 ratum
419 4125 575 4187 tenuisse.
626 4122 672 4187 nt
701 4122 898 4190 commiscuit
924 4123 1069 4211 profecto
1099 4121 1280 4189 Pausanias
1307 4138 1371 4186 va-

139 4261 145 4280 1
226 4224 228 4230 ’
283 4225 351 4289 rias
379 4223 462 4286 istas
487 4222 680 4308 scriptorum
699 4217 741 4287 de
762 4222 902 4292 Achaeo
922 4223 1148 4309 narrationes,
1179 4233 1280 4307 quare
1305 4238 1371 4286 non
1436 4257 1437 4264 ι
