2864 4960
512 331 807 410 *141-

104 548 243 598 errores
265 547 347 615 quos
368 522 504 594 dicimus
525 525 780 615 chronologicos
801 525 835 591 in
854 523 1072 614 ΔΙόοίεἫΠ,
1087 525 1153 614 21,
1171 527 1204 590 9.

103 637 139 698 et
155 629 254 717 VIII,
277 631 335 714 ld,
354 631 386 692 4.
408 625 481 693 coll.
503 641 531 692 c.
552 629 584 714 8,
604 631 636 692 3
658 633 692 692 et
712 617 772 712 vl,
785 629 817 714 2,
830 627 861 690 2.
882 645 949 694 nom
970 625 1074 694 solum
1085 625 1206 698 manso

101 728 146 822 (l.
172 725 247 819 c),
273 725 335 795 sed
356 727 455 794 etiam
475 722 670 794 Siehelisius
699 722 765 820 [ad
784 725 883 794 Paus.
905 727 945 792 Τ.
965 728 1026 794 ΙΠ.
1048 749 1079 815 p.
1100 719 1207 817 233),

103 826 242 898 clmton
254 825 307 921 (l.
329 845 358 893 c.
379 849 411 916 p.
432 830 504 892 214.
526 833 560 893 et
580 821 685 916 213),
705 825 889 916 Kcenigius
909 823 953 920 (I.
975 845 1004 894 e.
1025 849 1056 916 p.
1077 819 1152 916 23.)
1172 831 1209 894 et·

102 929 263 1016 Bayerus
285 925 331 1018 (l.
345 945 381 994 c.
402 929 474 992 313.
499 927 538 992 ci.
561 925 702 994 Dissert.
723 945 798 992 mea
817 929 883 994 Elin
897 928 1002 994 Wort
1020 928 1103 996 iiber
1115 926 1208 992 Pau-

104 1028 252 1116 senios)
284 1031 486 1094 notaverunt
522 1031 621 1113 atque
656 1025 924 1114 emendaverunt.
982 1025 1208 1094 Postericrmn

104 1123 190 1195 v‘ero
211 1122 402 1206 Pausaniae
421 1126 567 1194 locorum
588 1125 772 1194 emendatio
792 1125 966 1198 Mansonis
987 1145 1050 1213 qno
1071 1131 1125 1194 est
1144 1143 1208 1192 au-

104 1225 224 1292 dacior
245 1244 286 1292 eo
307 1227 413 1292 minus
433 1225 552 1312 placet.
602 1227 743 1294 Etiamsi
772 1228 856 1294 enim
886 1225 1065 1294 concedam
1084 1223 1209 1315 Agidis

104 1327 196 1394 tertii
218 1343 294 1392 cum
313 1323 459 1392 secundo
474 1326 613 1394 ¹facilem
639 1328 741 1396 fuisse
771 1327 1069 1415 commutationem,
1097 1333 1210 1394 tamen
1268 1315 1270 1324 '

106 1423 285 1494 admodum
313 1423 445 1512 dubito,
475 1426 550 1512 quin
580 1447 640 1514 pro
671 1427 847 1515 Antipatro
868 1427 1007 1494 Mamm
1027 1427 1208 1515 scripserit

107 1522 231 1608 Quidni
252 1526 360 1612 polius
379 1525 605 1613 Megalopolim
625 1527 681 1594 illo
702 1533 849 1616 tempore
870 1529 913 1598 ab
927 1529 1137 1596 Achaeorum
1149 1545 1208 1594 re-

106 1627 243 1716 publica
262 1626 439 1692 alienatam
469 1627 579 1693 hostili
609 1629 758 1696 exercitu
788 1627 933 1718 Agidem
961 1626 1111 1695 adortum
1123 1643 1210 1692 esse

107 1732 307 1812 statuamus,
334 1728 531 1813 praesertim
550 1743 646 1813 quum
666 1729 731 1796 hac
751 1727 959 1817 expeditione
975 1726 1095 1816 aliquid
1111 1745 1209 1794 com-

107 1823 197 1893 modi
218 1843 283 1891 rex
305 1845 372 1893 non
391 1824 495 1910 solum
515 1827 661 1902 Achaeis
682 1826 744 1896 sed
764 1829 827 1896 sihi
852 1847 979 1916 quoque
1000 1835 1209 1916 comparatu-

107 1947 165 1993 rus
187 1925 370 1994 videretur.

195 2057 349 2146 Denique
368 2058 564 2145 Mansonem
582 2061 696 2147 miror,
718 2059 804 2146 quod
825 2059 868 2126 de
887 2057 1065 2150 pugnaed
1085 2059 1209 2149 Mega-

110 2159 237 2246 lopolim
258 2161 431 2226 commissa
451 2158 586 2259 dubitat,
609 2177 703 2246 quam
725 2169 837 2227 tamen
854 2160 1038 2228 Pausanias
1060 2156 1145 2252 (Ill,
1158 2163 1210 2247 lh,

109 2253 166 2350 3.)
186 2257 323 2326 disertis
344 2268 573 2328 commemorat
592 2261 713 2328 uerbis.

197 2398 336 2466 Pellene
356 2401 473 2488 igitur,
496 2402 548 2467 cui
568 2399 783 2468 Promachum
796 2399 991 2469 Alexander
1009 2399 1055 2469 Μ.
1076 2393 1210 2488 praefe-

112 2505 212 2567 cerat
231 2497 353 2592 (Paus.
374 2499 460 2588 Vll,
479 2503 543 2588 21,
563 2496 635 2592 3.),
657 2520 805 2589 quaeque
826 2501 916 2588 sola,
937 2519 1033 2587 quum
1053 2491 1211 2565 Achaeo·

112 2619 189 2667 rum
209 2601 354 2667 societas
376 2603 646 2690 constitueretur,
676 2609 853 2690 tyrannum
879 2619 947 2667 non
973 2597 1087 2664 habuit
1113 2591 1212 2686 (VII,

111 2703 153 2786 7,
175 2697 231 2790 1.)
253 2707 288 2768 et
307 2719 383 2768 mox
403 2702 438 2768 in
459 2701 691 2790 rempublicam
711 2703 842 2768 transiit
861 2699 960 2792 (Vll,
980 2701 1012 2784 3,
1032 2698 1106 2785 2.),
1135 2699 1210 2761 ten-

113 2803 189 2866 tata
210 2806 279 2887 est,
307 2805 342 2866 ut
363 2800 566 2889 supradixi,
588 2801 630 2867 ab
651 2799 764 2890 Agide
783 2801 890 2865 Arato
910 2799 1026 2863 iterum
1046 2798 1211 2882 praetore.

114 2900 277 2966 Posteaa
294 2897 471 2967 Cleomene
492 2907 652 2989 occupata
666 2906 719 2967 est
732 2897 869 2994 [Polyb.
890 2898 935 2984 Π,
956 2897 1008 2982 32,
1028 2888 1097 2985 2.),
1119 2910 1211 2962 eume

116 3017 182 3086 que
203 2998 255 3064 his
275 2999 319 3066 ab
339 3000 468 3066 Aetolis
488 3006 648 3074 tentatam
668 2997 805 3094 (Polyb.
825 2998 886 3086 IV,
905 2999 937 3086 8,
957 3001 988 3062 4.
1009 2995 1094 3062 P-lut.
1115 2991 1212 3060 Arat.

117 3117 147 3165 c.
167 3101 222 3164 31.
243 3101 320 3191 32.)
342 3097 490 3168 defendit
511 3102 646 3194 Aratus.
1107 3135 1112 3148 ›

132 3318 135 3324 Ι
184 3229 328 3318 Ι(ὶιιίἰηιε
348 3238 446 3304 rebus
466 3259 533 3305 non
554 3241 658 3305 solum
671 3238 882 3304 Achaeorum
908 3237 999 3303 vires
1026 3237 1214 3318 atque-au·
1320 3299 1347 3338 ,p

120 3335 306 3425 ctoritatem
321 3339 412 3404 auxit
424 3339 565 3425 Aratus,
587 3357 701 3404 verum
722 3338 848 3424 etipse
868 3335 964 3402 brevi
976 3342 1123 3418 tempore
1136 3336 1214 3394 tan-

119 3437 189 3514 tum
210 3433 297 3522 apud
318 3456 376 3524 eos
397 3431 561 3526 pollebat,
594 3443 645 3522 ut,
674 3455 887 3523 quaecumque
912 3434 1098 3501 institueret
1126 3445 1214 3516 age-
1294 3423 1297 3438 *
1369 3407 1372 3427 ⁴

118 3537 234 3624 retve,
261 3535 447 3603 ouiuscius
468 3537 603 3604 arbitrio
623 3535 764 3603 libenter
778 3535 1065 3604 committerentur.
1085 3523 1216 3596 Geme-

119 3625 203 3702 haut
224 3635 309 3701 enim
329 3656 395 3705 non
416 3654 497 3724 opes
518 3657 610 3724 eum,
630 3655 698 3704 non
710 3637 958 3725 gloriam,non
971 3629 1145 3698 amicitiam
1157 3645 1216 3696 rc·
1336 3639 1341 3652 ·

118 3733 231 3822 giam,
250 3751 317 3800 non
337 3735 467 3823 patriae
487 3733 686 3803 commodum
706 3753 798 3822 suae,
818 3753 886 3802 non
906 3749 977 3798 rem
989 3731 1088 3831 ullam
1107 3727 1216 3814 aliam,

121 3833 332 3901 Achaeorum
355 3835 520 3902 anteferre
540 3837 751 3902 incremento.
801 3831 970 3922 Siquidem
997 3827 1217 3916 existimabat,

122 3931 305 4000 inbecillas
335 3951 396 4024 per
426 3953 465 4002 se
502 3935 655 4002 civitates
675 3937 809 4008 ,motuis
843 3935 969 4002 viribus
1011 3928 1216 4014 conservari,

124 4035 222 4120 quasi
242 4029 326 4102 bono
352 4035 500 4124 illigatas
531 4039 709 4104 commori..
747 4038 795 4104 Ilt
820 4052 1013 4123 quamquam
1042 4028 1216 4118 quotannis
1324 4015 1350 4066 »’

126 4129 267 4198 eundem
292 4140 478 4221 praetorem
509 4136 616 4200 creari
644 4154 711 4202 nou
746 4137 862 4203 liceret
893 4133 990 4220 idque
1018 4125 1217 4196 Plutarchus

124 4227 181 4324 (iu
201 4231 295 4302 Arat.
316 4235 373 4302 vit.
396 4254 424 4300 c.
445 4231 669 4321 hl.)›diserte
687 4235 845 4324 affirmet,
865 4239 976 4304 tamen
987 4227 1216 4318 exceptionem
