2842 4950
665 336 939 420 ...264-

255 540 429 621 tutabimur
448 537 563 623 urbes,
584 549 669 621 quae
690 526 991 624 oppugnabuntnrb
1012 534 1152 624 egregie
1170 539 1247 604 omn
1257 536 1315 628 ny,

253 659 327 730 mas
347 641 456 728 priore
484 636 570 703 bello
596 653 708 702 sumus
735 636 841 702 tutati.
882 631 977 702 Satis
1002 634 1216 722 exemplorum
1239 638 1315 705 nobis

255 742 385 807 alienae
416 734 531 803 clades
559 735 736 824 praebent,
755 751 808 803 ,ne
836 733 1049 822 quaeramus,
1084 736 1316 820 quemadmodum

143 892 146 898 .
256 839 377 908 ceteris
398 837 548 924 exemplo
569 837 680 902 simus.
720 834 851 923 Nolite,
872 837 948 922 quia
968 835 1054 903 ultro
1074 835 1209 904 Romani
1226 841 1316 924 potunt

254 939 444 1024 amicitiam,
475 934 524 1024 id,
556 934 642 1022 quod
669 933 845 1023 optandum
873 935 970 1002 vobis
995 953 1037 1002 ac
1057 954 1180 1002 summa
1198 955 1253 1024 ope
1269 955 1316 1024 pe·

146 1053 148 1060 ’
253 1038 387 1106 tendum
407 1041 499 1124 erat,
527 1033 692 1127 imaeue,
722 1041 811 1103 metu
842 1035 928 1104 enirn
955 1033 1110 1104 videlicet
1136 1035 1316 1124 compulsiin

252 1140 364 1207 aliena
383 1142 492 1224 terra,
518 1138 593 1224 quia
621 1135 684 1202 sub
704 1134 820 1202 umbro
839 1136 951 1202 auxilii
970 1141 1076 1206 vestri
1090 1135 1199 1204 lutere
1217 1135 1316 1221 volmt,

184 1277 185 1282 =
251 1243 286 1308 in
307 1240 497 1308 societatem
516 1243 665 1305 vestram
685 1235 892 1326 confugiunt,
912 1240 948 1303 ut
968 1229 1126 1324 portubus
1146 1236 1258 1304 vestris
1273 1253 1316 1301 re-

252 1339 433 1428 cipiantur,
466 1343 503 1404 ut
538 1335 770 1403 commeatibus
804 1340 948 1402 utantur.
988 1336 1086 1404 More
1114 1337 1150 1401 in
1180 1339 1316 1424 puteum

251 1440 393 1528 babent,
427 1443 554 1522 terras,
590 1451 801 1522 quascunque
836 1427 978 1522 adeunt,
1019 1435 1181 1524 anamma
1211 1433 1317 1502 mum

91 1576 95 1586 ,
194 1621 196 1626 ¹
250 1542 335 1607 suae
352 1538 486 1603 iaciunt.
528 1531 623 1615 Quod
643 1540 781 1623 rogant,
802 1553 927 1624 cogere
945 1541 1104 1626 ponunt,
1131 1537 1203 1622 quia
1220 1552 1317 1622 pepef.

252 1639 341 1705 cisse
360 1637 495 1722 volunt,
516 1635 811 1722 committerevos,
831 1653 893 1702 om
905 1637 1069 1723 pereatis,
1091 1635 1316 1722 nonpatimtm.

249 1737 339 1804 Nam
359 1731 444 1820 quod
474 1731 673 1802 Cleomedon
697 1733 794 1802 modo
822 1739 977 1820 tanquam
1003 1733 1144 1802 mediam
1163 1728 1196 1802 et
1216 1732 1317 1800 mussi-

250 1851 337 1920 mam
356 1832 453 1900 vobis
472 1833 561 1900 viam
589 1833 733 1922 consilii,
764 1840 801 1901 ut
828 1834 1045 1922 quiesceretis
1072 1833 1318 1916 abstineretisque

248 1935 360 2027 armis,
381 1931 586 2020 ostendebat,
609 1950 651 2000 ea
670 1949 738 2000 non
757 1932 875 2021 media,
896 1930 957 2000 sed
978 1933 1070 2001 nulla
1090 1933 1146 2002 via
1165 1938 1223 2002 est
1252 1933 1318 1999 Ete-

249 2035 333 2121 nim,
361 2031 704 2120 praeterquamquod
730 2037 789 2100 aut
817 2031 1029 2122 accipienda,
1056 2039 1116 2100 aut
1136 2026 1317 2121 aspernanda

201 2174 203 2186 ·
248 2127 344 2201 vobis
372 2133 524 2214 Romana
551 2133 696 2198 societas
723 2139 795 2220 est,
833 2133 911 2221 quid
938 2135 1027 2203 aliud
1059 2140 1156 2224 qoam
1185 2127 1318 2220 nusquam

150 2249 157 2274 ²
248 2233 362 2323 gratia
381 2233 510 2319 stabili,
530 2232 623 2298 uelut
643 2233 698 2318 qui
712 2238 867 2300 eventum
881 2237 1206 2323 exspectaverimus,
1225 2232 1318 2298 ottor-

247 2340 349 2400 tunae
377 2331 618 2418 applicaremus
647 2337 763 2398 nostra
791 2335 948 2422 consilia,
975 2335 1104 2422 praeda
1123 2335 1251 2403 victoris
1267 2330 1317 2398 eri·

247 2423 351 2500 musi
391 2431 522 2516 Nolite,
561 2431 609 2517 si,
648 2429 733 2517 quod
766 2433 913 2500 omnibus
941 2435 1031 2502 votis
1059 2433 1231 2524 petendum
1254 2433 1317 2516 erat,

245 2531 332 2597 ultro
346 2532 489 2615 offertur,
509 2526 666 2596 fastidire.
707 2529 815 2618 Non,
827 2530 1095 2618 quemadmodum
1107 2533 1202 2602 hodie
1217 2537 1317 2600 ubum·

248 2649 312 2717 que
332 2629 429 2697 vobis
450 2631 544 2717 licet,
566 2630 615 2696 sio
636 2647 767 2718 semper
786 2631 948 2698 licitorum
969 2639 1041 2726 est,
1062 2652 1128 2702 nec
1148 2651 1253 2720 saepe,
1270 2644 1318 2696 neo

200 2765 209 2784 .,
246 2729 301 2795 din
322 2727 438 2798 eudem
459 2732 592 2797 occasio
613 2732 698 2830 erit.⁴
728 2731 888 2800 liberare
907 2753 971 2800 vos
992 2751 1014 2800 a
1033 2734 1183 2822 Philippo
1203 2727 1318 2800 iamdiu

245 2832 354 2930 magis
372 2831 492 2918 ¹vultis,
520 2848 616 2916 qnam
644 2829 782 2899 audeus.
825 2829 907 2900 Sine
927 2839 1042 2900 vestro
1063 2834 1178 2902 labore
1198 2837 1230 2900 et
1246 2827 1317 2919 pori-

244 2931 317 2996 culo
339 2931 392 3015 qui
412 2929 474 2994 uos
494 2931 529 2994 in
550 2930 736 2997 libertatem
756 2929 982 3019 vindicarent,
1005 2951 1078 3000 oum
1099 2933 1228 3022 magnis
1246 2931 1318 2996 clos·

243 3029 336 3120 sibus
365 3028 637 3115 exercitibusque
670 3047 763 3096 mare
797 3032 1009 3102 traiecerunt.
1065 3033 1140 3101 llos
1175 3035 1205 3098 si
1230 3027 1318 3100 socios

242 3129 477 3216 aspernamini,
497 3129 556 3198 vix
577 3146 683 3195 sanae
703 3131 823 3200 mentis
843 3133 946 3220 estis,
964 3130 1048 3220 sed,
1068 3139 1128 3206 aut
1147 3133 1259 3216 socios,
1277 3127 1320 3196 aut

239 3229 355 3296 hostes
376 3227 543 3316 babeatis,
565 3233 703 3316 oportet.
1315 3273 1316 3282 κ

135 3367 137 3378 ·
217 3415 218 3418 Ἴ
322 3325 506 3396 Proditoris
526 3347 646 3396 nomen
667 3342 874 3416 nequaqnam
891 3333 925 3397 in
939 3333 1153 3400 Aristaenum
1167 3329 1318 3400 conierer-

238 3425 314 3494 dum
349 3437 427 3496 essa
455 3427 623 3524 contendit
654 3429 811 3516 Polybius
848 3429 970 3520 XVII,
1002 3435 1066 3519 lt,
1097 3435 1221 3498 8-11.
1258 3423 1318 3494 Nisi

237 3529 324 3595 emm
344 3529 543 3598 Aristaenus
565 3529 608 3596 ab
627 3527 769 3616 Philippi
798 3531 961 3598 societate
980 3531 1139 3602 Achaeos
1159 3529 1202 3600 ad
1221 3523 1317 3594 anici-

239 3629 317 3694 tiam
345 3628 454 3716 populi
481 3627 621 3698 Romam
649 3634 830 3716 opportune
861 3635 940 3699 tunc
971 3630 1196 3718 traduxisset,
1228 3630 1319 3693 acum

180 3791 181 3796 ,
239 3731 314 3793 erat
333 3725 376 3792 de
392 3733 498 3814 gente
518 3729 737 3796 Achaeorum.
779 3730 826 3798 At
847 3748 935 3800 nunc
953 3736 1090 3819 praeter
1117 3728 1319 3805 securitatem,

112 3845 116 3851 ·
150 3903 160 3922 Ι
239 3841 338 3912 quam
365 3827 508 3914 singulis
539 3829 686 3898 Achaeis
723 3846 766 3896 ea
800 3835 996 3918 tempestate
1034 3829 1217 3919 praestitit,
1247 3825 1319 3890 inter

237 3941 353 3992 omnes
373 3932 525 4014 constat,
546 3929 578 3994 ei
598 3929 669 3995 viro
691 3933 790 4016 atque
810 3932 886 3998 huic
907 3931 978 3998 eius
995 3930 1138 3997 oonsilio
1150 3931 1319 4003 incremen-

235 4029 303 4092 tum
324 4025 520 4112 reipublicae
541 4027 752 4095 Achaeorum
772 4027 896 4097 deberi.
936 4031 1054 4116 Itaque
1074 4027 1103 4095 is'
1124 4047 1190 4095 non
1206 4029 1318 4110 utpro·

235 4121 339 4212 ditor,
360 4122 420 4189 sed
442 4130 477 4190 ut
498 4126 618 4214 optime
638 4131 773 4198 meritus
795 4147 837 4199 ao
857 4137 1012 4201 servator
1031 4130 1145 4220 gentis
1165 4126 1207 4196 ab
1226 4116 1316 4194 omui·

237 4223 299 4294 bus
321 4223 499 4294 colebatur.
