2864 4960
445 391 626 497 ..ιιι
694 465 744 478 -

62 633 122 678 uem
151 614 244 678 unice
271 615 394 677 rectam
427 628 504 676 esse
530 611 705 679 contendit.
755 611 878 682 Verum
905 615 1016 682 Lucas
1045 634 1141 704 quum

62 731 167 798 pancos
187 717 314 778 tantum
334 713 426 777 locos
448 714 577 798 aderat,
595 709 686 778 ubi'
672 715 730 776 eui
745 705 858 779 ποσὸν
875 715 1055 782 alterams.
1069 722 1141 782 ter-

61 812 123 876 tium
141 811 227 876 illam
249 811 394 877 habeant
416 809 701 898 significationem,
722 831 819 878 nuum
840 804 1061 883 addubitatum
1079 817 1141 903 (ll,

60 913 122 998 lt),
141 912 233 998 alios,
256 912 309 998 qui
329 901 420 976 κατὰ
441 903 555 976 ποσὸν
578 911 745 999 exhibent,
765 912 930 1000 Lycortas
955 934 1036 984 vero
1058 935 1141 1002 qua-

60 1013 100 1074 ter
117 1007 324 1077 Achaeorum
345 1015 480 1096 praetor
499 1010 617 1098 luerit,
638 1012 703 1076 iam
724 1011 803 1076 nihil
824 1011 980 1100 impedire
1000 1014 1141 1102 videtur,

61 1113 209 1194 quominus
230 1113 318 1178 hunc
339 1113 445 1178 virum
466 1110 676 1178 Achaeorum
688 1111 919 1199 rempublicam
934 1113 1142 1202 aliquamdiu,

60 1211 105 1273 aul
126 1213 234 1301 einige
260 1212 353 1298 Zeit,
374 1207 623 1277 administrasse
642 1213 865 1278 existimemus
892 1219 991 1300 atque
1019 1216 1140 1282 coufir-

59 1315 157 1378 uatam
179 1311 349 1380 adversus
377 1311 513 1378 hostiles
542 1313 681 1399 impebus
708 1282 865 1402 tenffe.
917 1313 1012 1380 Bene
1038 1315 1139 1404 igitur

60 1405 219 1479 Schornius
249 1411 295 1502 (l.
319 1431 347 1477 c.
368 1435 399 1499 p.
421 1409 498 1502 ob.)
530 1411 615 1478 haec
645 1414 693 1478 ita
712 1414 948 1501 interpretatus
970 1419 1036 1479 est:
1066 1415 1138 1502 Ly-

59 1507 155 1576 lortas
173 1511 493 1599 kimpite'gerccmc
511 1510 584 1576 Ζιιι
609 1511 667 1576 mit
688 1511 798 1578 Gh'ick
819 1510 893 1577 dem
913 1511 1041 1580 Verfall
1062 1521 1137 1584 ent,-

59 1627 161 1696 gegen
202 1613 316 1697 Atque
338 1609 422 1676 adeo
443 1611 554 1678 Lucas
584 1613 657 1700 ipse
685 1633 751 1682 non
779 1614 929 1700 imposuit
950 1615 1006 1680 vel
1025 1615 1139 1680 inritis

59 1709 132 1775 nahts
151 1708 406 1778 demonstrando
421 1713 654 1778 necessitatem
669 1713 763 1778 huius
777 1729 860 1779 suae
874 1714 1138 1804 significationis

60 1825 134 1890 quam
158 1810 221 1877 hoc
255 1818 385 1878 tantum
418 1812 453 1876 iu
484 1811 557 1878 loco
590 1809 809 1878 adhibendam
840 1813 1137 1901 coniungendaque

58 1908 230 1976 voeabula'
216 1914 280 1976 cul
299 1903 414 1976 ποσὸν
436 1930 503 1977 non
524 1929 597 1976 cnm
617 1897 730 1976 verbis
751 1903 900 2001 μόνιμον
923 1907 1042 2004 αὐτὴν,
1073 1913 1135 1980 sed
1167 1929 1174 1938 ·

60 2022 114 2072 cum
137 2003 332 2100 βεβαιωτὴν
354 2002 518 2100 γενέσθαι
545 2004 734 2094 Λυκόρταν
765 2012 934 2098 opinatur,
966 2033 1061 2098 quum
1092 2013 1135 2080 de

58 2111 165 2188 patre
159 2129 217 2178 suo
248 2117 298 2178 et
315 2111 459 2177 fortasse
479 2107 521 2176 de
543 2129 582 2177 se
603 2111 675 2198 ipso
696 2116 812 2176 auctor
833 2111 1023 2179 verecunde
1051 2114 1134 2180 haec

59 2208 217 2297 scripserit,
251 2228 413 2297 nusquam
440 2211 586 2276 tamen
575 2231 609 2275 ιιι
629 2209 681 2276 his
710 2209 873 2297 prioribus
893 2211 985 2277 libris
1005 2210 1133 2279 dnobus

59 2305 154 2374 excidii
180 2309 331 2380 Corinthi
359 2313 556 2378 mentionem
582 2311 741 2377 iniecerit.
773 2311 820 2377 At
849 2313 901 2378 his
934 2313 1132 2380 coniecturis

60 2404 163 2492 unque
193 2411 319 2480 ditlicili
350 2413 406 2478 vel
439 2412 600 2498 exquisito
631 2409 868 2498 interpretandi
895 2431 1024 2501 genere
1055 2411 1132 2500 quid

58 2505 164 2576 huden
191 2501 361 2577 efficitur?
400 2509 608 2578 dinuntues
639 2513 844 2579 cumulantur
878 2510 1131 2604 difficultatibus,

59 2621 141 2691 neque
159 2619 272 2680 tanen
293 2617 386 2678 certa
407 2609 547 2699 quadam
574 2614 741 2680 sententia
760 2611 950 2679 substructa
971 2613 1014 2678 ad
1034 2612 1130 2681 tinem

59 2701 157 2775 itineris
176 2714 231 2778 via
257 2713 407 2778 munitur.

121 2804 183 2875 Sed
204 2810 381 2880 redeamus
401 2809 445 2877 ad
465 2799 841 2902 Schweighaeuserum,
871 2828 975 2898 aquo
996 2809 1131 2880 divertit

61 2911 186 2977 uenatio.

123 3009 169 3076 Eo
188 3014 263 3080 loco
286 3010 360 3104 (1v
360 3005 466 3104 ,.82),
488 3031 582 3100 quem
600 3029 705 3104 supra
725 3014 839 3079 citavit
860 3011 1128 3104 Schweighaeu-

62 3119 143 3196 serus,
161 3010 317 3201 Polybids
338 3113 418 3178 belli
438 3113 570 3180 socialis
590 3113 714 3179 initium
734 3114 868 3201 exponit
888 3112 1057 3203 additque,
1072 3116 1129 3181 ubi

61 3198 272 3282 Messeniorum
292 3215 452 3312 meminit,
480 3206 529 3302 εἴη
556 3235 616 3304 μεν
639 3237 701 3280 ουν
732 3213 836 3278 οἱονεὶ
868 3215 1040 3305 συμφῦναι
1069 3208 1128 3298 τὴν

61 3302 106 3367 νῦν
128 3306 374 3432 νιτᾶρχοιισαν
384 3308 601 3380 κατάστασιν
635 3311 946 3434 Heboapuvchoeg‚
979 3313 1036 3380 iva
1064 3337 1129 3404 pap

62 3398 138 3482 διιις
155 3405 211 3535 bip
232 3413 307 3480 τῶν
329 3406 493 3533 λέγειιθαι
512 3409 762 3499 μελλόντωνῧ
748 3405 809 3478 εὰν
831 3406 882 3478 δέ
893 3433 980 3478 ποτε
1001 3419 1129 3504 alapam

62 3505 104 3565 acl
126 3508 333 3592 μετάστασιν
364 3513 430 3601 σχῇ
460 3513 582 3578 ταῦτα·
620 3509 689 3579 iam
706 3517 781 3600 opto
803 3511 967 3599 equidem,
997 3517 1047 3598 ut,
1075 3513 1130 3628 qni

62 3614 127 3669 lunc
144 3617 193 3676 est
212 3633 322 3681 rernm
343 3613 481 3679 status
470 3634 505 3678 ιιι
518 3611 758 3727 Peloponneso,
774 3613 821 3678 ita
838 3611 1017 3700 coalescat,
1028 3611 1102 3678 ut”
1079 3631 1133 3698 ns,
1157 3635 1164 3646 ’

63 3711 127 3776 luae
63 3704 254 3800 ldicam,
275 3712 354 3778 nihil
376 3713 420 3778 sit
441 3731 532 3800 opus.
559 3709 646 3779 Sed
674 3713 703 3776 si
724 3713 794 3797 quis
823 3709 997 3797 aliquando
1024 3718 1130 3780 motus

64 3803 105 3864 ιιι
122 3814 244 3880 mutatio
266 3819 374 3880 status
395 3813 583 3900 contigerit,
605 3815 668 3878 cet.
710 3811 751 3878 ln
771 3811 858 3878 notis
879 3809 1016 3878 adiecit:
1046 3811 1132 3878 Eum
1237 3878 1244 3902 ,

64 3899 170 4000 ξιιιιιι,
189 3917 275 3999 puto,
296 3909 383 3998 dicit,
405 3927 468 3996 qno
489 3917 523 3976 et
543 3905 702 3978 Messene
722 3929 837 3976 rursus
854 3917 887 3976 et
896 3907 1025 3998 Sparta
1035 3912 1133 3977 eham

62 4008 87 4056 ιι
108 3997 254 4078 ῐιιιιιιιιι
285 4011 425 4077 Achaici
452 4011 643 4078 societatem
671 4017 768 4078 erant
793 4017 967 4102 receptae,
998 4009 1040 4076 de
1069 4028 1132 4095 quo

64 4089 122 4160 ule
140 4099 247 4175 librum
266 4109 399 4198 XXIV,
419 4111 470 4174 12.
493 4107 608 4195 XXV,
629 4111 659 4172 1.
680 4129 729 4196 sq.
752 4116 786 4176 et
806 4111 869 4197 ΠΙ,
889 4113 921 4193 8,
947 4111 978 4176 7.
1020 4104 1131 4188 Quare

63 4182 238 4297 intelligitur,
259 4211 400 4298 scripta
404 4210 489 4276 haec
511 4225 589 4274 esse
609 4209 780 4296 aPolybio
798 4213 877 4275 ante
897 4226 1049 4275 eversam
1063 4203 1132 4274 Go-

63 4285 179 4370 ηιιιιιιι
198 4311 231 4378 et
250 4307 392 4378 foederis
413 4309 552 4392 Achaici
572 4305 828 4428 dissolutionem
869 4307 955 4400 Hinc
977 4307 1131 4395 sequitur,
