2864 4960
452 343 748 426 ...95-

66 541 134 610 nli
156 539 266 610 Paulli
288 537 384 626 dlis,
409 535 1147 626 ueniamapraetoreimpetravitmancudl.

65 640 138 709 lnde
156 642 301 708 arctiore
321 635 558 705 consuetudine
578 654 652 704 cum
667 635 824 726 Scipione
836 639 1020 708 Aemiliano
1040 659 1149 710 annos

65 738 283 830 duodeviginti
311 739 393 805 tunc
420 743 501 805 nato
532 741 707 805 contracta
735 738 772 804 in
801 739 1046 808 contubernium
1076 743 1150 808 eius

66 841 239 927 concessit,
266 839 330 903 lm
348 855 380 904 a.
401 835 497 924 Cha,
516 837 684 906 institutor
702 842 781 904 tunc
797 839 958 908 bonamm
977 841 1096 907 artium
1114 845 1152 910 et
1221 867 1226 873 ·
1281 889 1286 896 ·

66 939 341 1028 coniunctissimus
360 954 424 1026 per
441 937 598 1024 reliquam
619 955 747 1005 omnem
765 940 868 1005 vitam
887 957 998 1007 comcs
1017 945 1053 1008 et
1066 941 1151 1008 ami-

65 1057 125 1107 cus
144 1035 292 1132 (fluidas
311 1057 346 1106 v.
367 1035 567 1116 Παναίτιος.
615 1037 718 1106 Falsu
749 1038 881 1106 Fabric.
910 1039 996 1107 Brbl.
1028 1039 1150 1108 Graec.

65 1139 100 1204 'A
116 1139 161 1206 ll.
184 1161 218 1227 p.
237 1139 310 1203 aaa
331 1142 367 1230 et
385 1139 458 1204 Aah.
484 1137 656 1226 Polybium
675 1138 825 1207 Panaetii
844 1137 1026 1228 philosophi
1045 1136 1152 1206 Stoici

63 1237 249 1328 discipulum
266 1238 371 1304 tuisse
390 1233 568 1330 autumat]
596 1239 681 1306 Item
699 1237 911 1327 Demetrium,
931 1237 1066 1308 Seleuci
1079 1236 1151 1326 Sy-

62 1339 127 1406 riae
156 1339 252 1428 regis
278 1338 397 1426 11111111,
434 1338 542 1406 Roma
568 1339 827 1428 profugientem,
855 1339 917 1415 ,ubi
937 1359 1006 1430 pro
1036 1333 1153 1406 obside

63 1436 323 1527 custodiebatur,
348 1439 493 1506 consiliis
513 1438 583 1503 suis
601 1439 759 1528 regebat,
779 1441 842 1504 lua
862 1458 893 1506 a.
915 1437 995 1507 chr.
1024 1437 1153 1525 Polyhii

61 1539 257 1624 potissimum
276 1542 312 1606 et
324 1533 443 1605 Stretii
464 1554 586 1604 caussa
601 1537 731 1604 Achaei
749 1556 810 1625 per
829 1539 963 1628 legatos
983 1535 1156 1626 deprecati

63 1642 137 1704 sunt
155 1636 242 1726 apud
261 1634 424 1706 Senatum
435 1637 618 1704 Romam
637 1657 699 1726 pro
719 1636 827 1705 reditu
846 1643 1069 1727 evocatorum,
1087 1653 1154 1704 nec

61 1741 167 1804 tamen
194 1738 426 1826 impetrarunt,
454 1741 518 1804 111
536 1756 568 1804 a
590 1735 669 1807 Chr.
709 1739 835 1807 Postea
852 1743 966 1830 gratia
985 1756 1048 1807 sua
1067 1734 1155 1826 apud
1292 1751 1300 1770 ·’

61 1838 223 1926 principes
252 1837 475 1908 Romanmum
503 1838 660 1925 Polybius
685 1838 814 1906 Locros
842 1840 969 1908 levavit
996 1857 1099 1908 onere
1118 1841 1156 1908 et

61 1943 164 2005 sumtu
183 1937 319 2006 mditiae
338 1937 503 2006 adversus
522 1937 714 2027 Dalmatas,
734 1941 798 2005 117
817 1957 849 2006 a
870 1937 950 2007 chr.
990 1939 1156 2008 Exnhhus

61 2037 204 2105 Achaeis
221 2038 460 2124 ,intercedente
485 2037 574 2126 apud
603 2037 765 2107 Catonem
789 2035 947 2127 Scipione
971 2041 1008 2106 iu
1025 2037 1156 2126 Polybii

61 2138 201 2223 gratiam
227 2136 419 2207 conceditur
445 2136 579 2206 tandem
603 2155 692 2205 anno
718 2136 845 2207 decimo
872 2140 1029 2228 septimo,
1059 2141 1156 2226 post·

63 2253 154 2321 quam
174 2241 309 2307 evocati
328 2244 440 2328 erant,
460 2237 587 2307 reditus
607 2241 643 2306 in
662 2239 818 2328 patriam,
838 2241 902 2304 111
922 2256 954 2305 a
976 2235 1055 2306 0111.

137 2337 280 2405 Visendi
299 2337 407 2408 studio
428 2357 471 2406 ac
490 2342 644 2408 veritatis
664 2339 933 2430 cognoscendae,
952 2344 990 2406 ut
1008 2335 1156 2406 iudicare

62 2443 173 2524 posset
193 2456 253 2526 eo,
280 2457 366 2526 quae
385 2438 429 2508 de
447 2440 646 2508 Hanmbalis
663 2442 807 2510 transitu
826 2459 889 2530 per
906 2441 1015 2528 Alpes
1034 2454 1158 2506 narra-

61 2537 195 2625 bantur,
215 2539 290 2626 ipse
309 2539 465 2628 Polybius
486 2543 550 2610 iter·
568 2561 631 2629 per
650 2542 757 2631 Alpes
777 2542 934 2630 suscepit
960 2537 1094 2729 Sci-0.
1114 2537 1155 2604 'a

61 2635 228 2704 lleichard
246 2637 433 2708 llanmbals
453 2640 534 2729 Zug
552 2641 636 2708 iiber
655 2639 710 2709 die
729 2642 854 2730 Alpen,
875 2641 967 2705 1812.
1020 2640 1062 2706 Iu
1074 2657 1157 2727 per-

62 2734 214 2826 agranda
235 2737 371 2826 Afi'ica,
390 2740 568 2829 Hispania,
590 2739 700 2807 Gallia
718 2741 865 2827 marique
885 2745 1040 2826 externo,
1069 2733 1157 2824 quod

60 2835 131 2902 illas
151 2837 312 2927 regiones
333 2839 442 2927 alluit,
462 2840 565 2907 multa
583 2839 739 2928 pericula
752 2838 832 2907 adiit
850 2840 1035 2924 multosque
1060 2836 1157 2905 labo-

61 2953 113 3002 res
133 2937 321 3030 exundarit
342 2957 383 3006 eo
404 2939 559 3027 consilio,
589 2945 626 3006 nt
645 2945 796 3008 vetemm
814 2938 1037 3029 ignorantiam
1065 2938 1158 3004 circa

62 3035 133 3103 illas
162 3042 279 3125 partes
308 3039 495 3126 corrigeret
526 3047 561 3105 et
580 3039 656 3106 illos
677 3055 805 3125 quoque
823 3041 952 3104 tractus
973 3036 1063 3104 orbis
1082 3041 1157 3104 ter-

62 3141 171 3202 iarum
184 3135 326 3204 Graecis
345 3139 528 3206 hominibus
547 3143 645 3206 notos
664 3139 802 3206 faceret.
843 3137 960 3205 Utrum
975 3154 1058 3204 vcro
1075 3133 1157 3204 Sci-

61 3236 188 3320 pionem
216 3242 296 3304 ante
321 3239 457 3325 primum
477 3239 681 3306 consulatum
701 3235 865 3326 stipendia
883 3238 1008 3326 passim
1027 3235 1157 3304 iacien-

62 3337 124 3401 tem
137 3340 174 3404 ct
186 3337 423 3405 nominatimin
435 3338 607 3426 Hispania,
627 3340 687 3404 151
702 3357 733 3404 a
748 3336 838 3426 Chr,
859 3338 922 3405 suh
935 3337 1072 3404 Lucullo
1092 3335 1157 3402 tri-

63 3431 138 3502 huni
168 3435 304 3502 militum
330 3456 466 3505 munere
494 3438 688 3528 fungentem
713 3440 884 3506 comitatus
913 3435 1072 3524 Polybius
1100 3437 1157 3521 sit,
1216 3457 1219 3462 ¹

61 3548 100 3601 au
114 3539 194 3620 post
207 3535 270 3598 15⁰
283 3552 314 3599 a
329 3533 408 3602 chr.
422 3535 550 3604 demum
565 3537 706 3606 Galliam
718 3539 976 3626 Hispaniamque
988 3531 1157 3624 peragra-

63 3635 149 3699 verit
167 3651 237 3698 uon
256 3631 404 3701 dixerim.
444 3637 581 3704 Poterat
601 3643 694 3704 certe
713 3639 901 3725 priusquam
918 3635 1017 3702 etiam
1029 3633 1157 3702 reditus

63 3729 264 3825 inpatpinm
293 3732 532 3803 concederetur
559 3733 747 3824 Scipionem
773 3737 809 3801 in
836 3733 1096 3824 expeditionibus
1120 3733 1157 3803 iu

63 3830 147 3896 alias
166 3836 331 3900 terrarum
347 3839 461 3920 partes
475 3837 637 3923 comitari,
657 3852 735 3904 nam
746 3834 944 3903 liberrimam
956 3835 1027 3900 eius
1042 3839 1156 3924 custo·

63 3926 149 3997 dam
168 3930 257 4020 apud
277 3932 445 3999 Romanos
462 3933 566 4002 finisse
586 3935 670 4002 satis
690 3939 839 4022 apparet
878 3934 927 4002 ht
954 3923 1157 4020 inplorans

63 4026 158 4096 hellis
178 4032 328 4099 comitem
346 4033 535 4118 sociumque
554 4030 723 4121 Scipionis
742 4051 816 4101 eum
832 4031 937 4102 luisse
956 4030 1081 4099 diserte
1104 4029 1157 4100 'ait
1216 4100 1221 4108 ,

63 4127 226 4199 Animus
244 4132 280 4200 in
299 4131 446 4200 Tacticis
464 4126 586 4227 (init).
612 4133 722 4202 Potuit
740 4152 824 4202 vero
843 4134 942 4202 etiam
961 4133 1079 4204 itinera
1090 4123 1157 4201 ¹illa

61 4231 231 4320 suscipere
260 4230 416 4322 Polybius
444 4237 617 4322 postqum
651 4233 783 4323 plenam
818 4237 941 4306 metus
970 4229 1155 4302 libertatem
