2842 4950
647 343 951 433 —2ce-'

237 569 310 620 cum
329 546 492 635 Philocle,
511 549 549 614 ut
567 545 659 632 abire
678 547 743 614 illis
756 547 890 636 liceret,
910 547 1002 635 ipse,
1022 561 1085 633 qno
1097 547 1172 616 loco
1185 547 1329 614 steterat

234 655 402 736 armabis,
433 666 505 716 cum
535 648 649 734 paucis
681 646 853 714 clientibus
874 666 941 712 non
961 649 1118 712 excessit
1160 645 1331 713 Missusa

235 749 408 836 Philocle,
430 748 484 834 qui
504 751 693 834 quaereret,
715 744 792 832 qnid
805 746 867 812 sibi
880 736 1011 813 velletl
1032 745 1111 810 nihil
1123 743 1229 832 tatus,
1249 749 1329 809 tan-

235 846 418 938 tummodo,
446 866 542 934 quum
561 847 707 934 proiecto
728 863 810 933 prae
830 863 870 912 se
890 846 1005 932 clypeo
1026 849 1153 932 staret,
1172 845 1209 910 in
1227 858 1330 930 prae-

235 947 319 1016 sidio
356 946 503 1016 creditae
532 948 622 1013 urbis
655 949 844 1013 mortanum
871 963 910 1012 se
936 951 1113 1032 armatum,
1150 941 1331 1030 respondit

236 1048 320 1114 'l'um
350 1047 442 1114 iussn
475 1048 634 1137 praetecti
659 1064 681 1111 a
707 1037 891 1112 Thracibus
920 1046 1071 1114 coniecta
1097 1043 1166 1110 tela
1191 1043 1331 1110 interfe-

236 1149 345 1233 ctique
359 1165 482 1214 omnes.
522 1147 570 1215 ut
582 1150 657 1234 post
670 1151 802 1232 pactam
821 1146 906 1212 inter
927 1138 1083 1212 Achaeos
1105 1147 1140 1210 et
1157 1141 1335 1212 Romanos

235 1246 428 1313 societatem
447 1245 534 1313 duae
552 1245 772 1314 nobilissimae
792 1245 964 1332 civitates,
982 1243 1071 1331 Argi
1090 1247 1126 1308 et
1139 1239 1331 1329 Corinthus,

235 1346 271 1413 in
290 1351 456 1434 potestate
476 1345 569 1434 regis
589 1349 695 1412 erant
1415 1335 1416 1394 ἶ

317 1445 414 1512 Hace
427 1444 469 1514 ab
482 1445 640 1513 Romanis
654 1463 696 1512 ea
708 1449 839 1514 aestate
851 1440 937 1539 (hild
948 1439 989 1514 U.
1003 1441 1041 1511 0.
1056 1467 1097 1506 =
1111 1443 1174 1508 198
1187 1437 1331 1527 achr.)
1415 1453 1416 1458 ’

236 1546 271 1613 in
291 1543 434 1614 Graecia
453 1548 546 1614 terra
564 1546 711 1632 marique
730 1549 832 1636 gesta
851 1545 1128 1636 (hiuhxxll,
1142 1538 1311 1625 abac).

98 2111 103 2124 ,
128 2081 131 2088 ·
318 2045 434 2114 Hiems
454 2053 529 2117 erat
549 2066 646 2136 quum
675 2055 774 2139 capta
798 2050 912 2118 Elatia
940 2044 1111 2130 Quinctius
1130 2048 1166 2116 in
1185 2045 1333 2126 Phocide

235 2146 374 2215 hiberna
401 2146 560 2238 disposita
587 2150 727 2232 haberet
756 2149 854 2238 (htv.
881 2152 1032 2239 xxxn,
1060 2152 1120 2250 δῇ,
1141 2151 1207 2241 1.).
1254 2147 1333 2214 Hac

237 2263 320 2314 vero
339 2249 446 2321 hieme
466 2270 533 2318 non
553 2251 667 2339 incipit
695 2251 915 2330 Romanorum
943 2269 1051 2320 annus
1077 2253 1158 2340 55⁷,
1185 2248 1248 2316 sed
1273 2250 1332 2316 la-

236 2349 353 2416 nuario
367 2350 476 2436 potius
489 2369 604 2420 mense
617 2354 695 2420 anni
710 2354 772 2418 lat
784 2369 816 2418 a
826 2350 905 2421 Chr.
927 2349 1002 2438 (Of.
1015 2351 1135 2422 Mense
1148 2351 1171 2418 1.
1186 2369 1217 2418 c.
1230 2349 1297 2438 111,
1302 2353 1333 2416 2.

151 2605 155 2618 ,
319 2543 534 2635 Opuntiorum
565 2550 662 2639 urbs,
699 2551 908 2641 quaeregio
948 2551 1123 2620 tenebatur
1155 2546 1333 2640 praesidio,

135 2671 138 2678 ⁴
238 2648 366 2714 consuli
378 2647 535 2736 prodier.
566 2647 648 2742 (Oh
661 2652 905 2738 Plutillamin.
927 2646 1024 2742 cb.)
1040 2650 1173 2739 ahora,
1194 2669 1255 2716 cur
1268 2668 1336 2716 non

236 2749 401 2837 extemplo
423 2757 685 2841 oppugnaretur,
705 2771 748 2820 ea
767 2754 843 2840 fuit,
864 2750 951 2840 quod
971 2749 1235 2828 caduceatorab
1248 2768 1335 2839 rege

235 2855 399 2939 venerat,
430 2852 537 2920 locum
557 2871 600 2920 ac
619 2858 747 2942 tempus
777 2859 897 2942 petens
917 2853 1087 2938 colloquio.
1127 2849 1168 2919 Id
1187 2856 1334 2940 gravate

235 2965 434 3018 concessum
454 2954 530 3043 regi
550 2959 617 3044 est,
645 2974 713 3022 non
734 2955 819 3042 'prin
847 2957 984 3043 cuperet
1008 2948 1179 3032 Quinctios
1207 2969 1269 3040 per
1294 2966 1333 3015 se

235 3051 356 3134 partim
374 3051 493 3140 armis,
519 3053 637 3140 partim
662 3051 900 3121 conditionibus
928 3052 1111 3122 coniectum
1130 3049 1239 3118 videri
1260 3050 1333 3116 bel-

235 3149 320 3240 lum,
340 3150 480 3217 necdum
499 3154 585 3218 enim
605 3153 756 3243 sciebat,
775 3159 883 3221 utrnm
903 3171 1079 3220 successor
1100 3152 1162 3219 sibi
1183 3152 1271 3218 alter
1290 3167 1334 3217 ex

234 3247 333 3316 novis
355 3251 543 3320 consulibus
570 3253 772 3342 mitteretur,
801 3271 861 3340 an,
889 3249 975 3339 quod
1001 3269 1126 3320 suunma
1144 3252 1180 3319 vi
1199 3257 1236 3317 ut
1257 3254 1334 3331 ten-

237 3345 357 3416 derent
377 3351 490 3418 amicis
516 3355 551 3419 et
575 3354 773 3441 propinquis
793 3349 1030 3440 mandaverat,
1055 3352 1223 3440 imperium
1252 3367 1332 3438 pro-

234 3454 433 3542 rogaretur3
453 3456 563 3540 aptum
583 3449 692 3522 autem
712 3455 784 3521 iore
803 3453 994 3538 colloquium
1015 3450 1192 3536 credebat,
1214 3455 1252 3516 ut
1271 3448 1332 3516 sihi

234 3547 373 3618 liberum
393 3557 503 3641 esset,
524 3553 580 3620 vel
599 3553 644 3619 od
663 3552 783 3624 bellum
802 3554 967 3640 manenti,
992 3552 1049 3620 vel
1069 3549 1113 3617 ad
1132 3567 1251 3640 pacem
1270 3547 1330 3616 de-

237 3647 370 3717 cedenti
396 3670 467 3720 rem
495 3652 666 3722 inclinare.
706 3655 748 3720 In
775 3653 849 3720 sinn
873 3653 1016 3724 Maliaco
1046 3669 1150 3739 prope
1170 3651 1330 3728 Nicaeam

141 3844 144 3848 ⁵
236 3745 314 3814 litus
328 3750 476 3839 elegere.
517 3754 570 3822 Eo
584 3771 647 3820 rex
666 3753 711 3820 ab
730 3750 943 3820 Demetriade
964 3769 1037 3818 cum
1056 3751 1197 3836 quinque
1217 3747 1329 3814 lembis

235 3850 273 3914 et
301 3865 369 3914 nna
397 3869 487 3920 nave
515 3857 661 3920 rostrata
689 3847 870 3944 (πρίστει)
897 3853 998 3920 venit
1047 3852 1159 3932 Erant
1189 3867 1265 3918 cum
1278 3865 1328 3925 ,eo

235 3945 403 4036 principes
422 3950 659 4039 Macedonum,
680 3950 901 4040 Apollodorus
914 3957 949 4020 et
961 3950 1225 4036 Demosthenes,
1245 3946 1328 4036 regii

236 4047 387 4136 scribae,
418 4049 602 4120 eBoeotia
628 4051 826 4140 Brachylles
855 4049 974 4146 (quem
998 4051 1084 4118 Plut
1115 4049 1219 4116 Flam.
1250 4066 1278 4114 c.
1297 4050 1326 4109 d

137 4188 143 4204 ‹
235 4145 393 4248 mendose
413 4156 513 4220 vocat
532 4152 793 4244 Brachyllelem3
807 4153 854 4220 ct.
874 4151 989 4219 Voles.
1011 4146 1272 4238 ap.]Schweigh.
1287 4143 1326 4212 ed

212 4246 351 4338 -Puyu
378 4252 466 4342 xx,
491 4253 532 4343 a,
557 4254 589 4320 a
616 4251 692 4340 coh
719 4254 846 4344 xum,
871 4253 923 4335 ac
948 4256 985 4322 et
1010 4253 1097 4340 xx,
1123 4253 1164 4339 c,
1191 4251 1222 4314 a
1255 4245 1324 4318 luv-
