2864 4960
678 299 1131 384 -962-'·

265 495 408 574 'birbais
434 501 544 569 omma
568 497 654 566 domi
672 500 707 566 in
726 499 858 568 Achaia
877 502 1003 570 inveru't
1022 510 1059 572 et
1077 507 1271 589 civessuos
1291 511 1382 582 vidit

278 605 414 689 consilia
440 620 502 668 sua
530 601 717 689 praefracte
747 599 999 688 adspernantes.
1051 600 1182 688 ¹Quodsi
1215 610 1380 698 integrae

275 703 318 770 ad
338 725 401 773 nos
421 705 493 772 cius
513 701 670 771 historiae
689 702 922 789 pervenissent
940 705 1037 791 plura
1057 704 1100 774 de
1120 710 1192 776 vita
1209 711 1284 779 eius
1304 715 1380 780 sei-

274 825 394 874 remus.
418 802 553 874 corsua
566 801 828 891 Scipionilsta.
838 801 916 872 Chr.
926 809 960 870 et
973 805 1062 874 initio
1078 810 1157 878 anni
1171 813 1233 875 lto
1245 829 1277 878 a
1293 810 1380 880 Chr.

219 917 225 932 ⁸
274 904 514 995 Carthaginem
544 904 748 992 oppugnanti
773 907 1047 994 expugnantique
1069 926 1178 976 comes
1199 913 1379 980 aesonius

273 1005 463 1072 bellicorum
483 1005 632 1074 laborum
652 1003 751 1070 alluit.
792 1001 866 1080 Sub
885 1001 971 1070 idern
986 1011 1114 1095 tempus
1128 1010 1264 1080 Africae
1279 1029 1380 1080 oram

272 1107 428 1174 lustravit
446 1112 535 1174 teste
553 1105 660 1172 Plinio
681 1101 746 1197 [H.
766 1103 810 1170 N.
832 1103 876 1193 V,
897 1099 959 1194 1.).

353 1207 435 1276 Post
456 1225 651 1277 concessum
670 1203 819 1270 Achaeis
841 1205 991 1280 exulibus
1011 1205 1149 1274 reditum
1169 1210 1203 1279 ia
1230 1213 1377 1298 patriam

269 1308 343 1396 ipse
363 1310 462 1376 etiam
481 1306 638 1396 Polybius
658 1307 693 1372 in
713 1304 874 1376 Achaiam
893 1303 1034 1372 rediisse
1054 1305 1184 1391 yidetur
1205 1315 1240 1376 et
1260 1332 1377 1401 popu-

221 1451 224 1458 ·
269 1411 394 1478 laribus
415 1410 484 1478 suis
503 1405 548 1476 de
568 1403 736 1476 servande
756 1405 843 1474 inter
864 1424 903 1474 se
925 1404 1102 1474 concordia
1123 1406 1213 1493 etde
1227 1411 1376 1493 colenda

267 1511 443 1578 maiestate
470 1509 580 1598 populi
608 1506 749 1575 Romani
776 1523 819 1574 ea
846 1507 984 1574 consilia
1010 1504 1161 1597 dedisse,
1193 1511 1314 1596 quibus
1345 1516 1375 1580 si

148 1642 151 1648 ·
267 1611 458 1698 paruissent
488 1607 712 1676 calamitatem
737 1611 835 1674 erant
863 1607 1041 1696 effugium,
1080 1608 1116 1676 in
1145 1627 1241 1696 quam
1265 1614 1374 1699 paulo

266 1715 343 1798 post
362 1708 557 1778 inciderunt.

350 1811 405 1878 Ab
436 1808 565 1880 excidio
595 1805 812 1897 Carthaginis
839 1826 883 1874 ex
910 1807 1058 1874 Africa
1047 1829 1082 1878 ιιι
1101 1808 1372 1898 Peloponnesum

266 1907 454 1997 advolavit,
482 1917 519 1978 ut
545 1928 644 1998 opem
672 1909 814 1994 aliquam
840 1908 950 1976 ruenti
976 1910 1105 1996 patriae
1121 1913 1270 1978 afferret.
1315 1914 1371 1981 Ac

264 2008 395 2078 videtin
415 2016 609 2099 expugnata
636 2007 764 2076 demum
791 2005 948 2077 Corintho
980 2008 1168 2088 advenisse.
1217 2011 1371 2080 lbitum

264 2110 352 2200 apud
381 2112 612 2200 imperatorem
641 2111 824 2179 Romanum
852 2115 889 2178 et
919 2107 1035 2176 decem
1062 2112 1197 2200 legatos
1219 2113 1368 2182 honores

263 2214 362 2281 Arati
382 2218 417 2280 et
435 2212 717 2299 Philopoemenis,
744 2213 889 2278 virorum
908 2208 951 2278 de
971 2211 1119 2282 Achaeis
1134 2213 1369 2282 immortaliter

262 2315 465 2399 mentorum,
485 2309 630 2380 meunt
643 2311 910 2400 impetrauitque,
928 2315 964 2377 ut
978 2328 1090 2378 sornam
1103 2317 1246 2401 statuae,
1268 2332 1368 2399 quum
1428 2371 1429 2388 ,

261 2417 327 2483 iam
347 2412 481 2480 ablatae
497 2416 633 2497 essent,
654 2411 724 2478 suis
744 2411 828 2478 loeis
848 2417 1096 2498 reponerentur.
1139 2407 1210 2492 Quo
1231 2416 1367 2482 nomine

261 2517 323 2603 ipsi
337 2512 472 2599 Polybio
493 2510 538 2578 ab
551 2511 699 2578 hohasis
719 2527 903 2578 marmorea
923 2516 1035 2580 statua
1053 2513 1161 2599 posita
1177 2517 1239 2580 est.
1281 2513 1366 2582 Mox

159 2617 163 2626 ’
210 2699 214 2710 Ι
260 2612 481 2682 abstinentiae
499 2611 612 2680 nobile
632 2609 731 2678 edidit
751 2612 928 2698 specimen.
969 2614 1049 2676 Post
1065 2609 1248 2680 dissessum
1261 2613 1366 2702 lega·
1427 2673 1428 2694 1

260 2723 368 2784 torum
380 2713 600 2780 Romanorum
621 2729 664 2778 en
677 2711 813 2778 Achaia
832 2710 987 2797 Polybius
1008 2729 1059 2778 ex,
1072 2729 1184 2779 eornm
1204 2711 1364 2782 mandato

258 2816 359 2884 urbes
388 2811 608 2901 Peloponnesi
631 2812 754 2878 obiens
782 2811 1029 2878 controversias
1058 2827 1172 2878 earum
1191 2809 1362 2899 iudicavit,

259 2920 357 3006 leges
388 2915 438 2984 eis
469 2913 602 3000 scripsit
628 2913 845 2996 civitatesque
867 2908 1050 3000 ordinavit,
1079 2912 1114 2976 in
1136 2931 1198 2997 quo
1219 2916 1361 3000 negotio
1426 2973 1427 3004 ,

258 3021 306 3086 ita
331 3034 372 3082 se
393 3013 592 3100 ‚gessimus
617 3030 742 3080 summo
763 3009 922 3077 beneficio
943 3011 1063 3078 abillo
1084 3013 1220 3080 affectos
1243 3033 1360 3084 omnes

122 3107 125 3114 ’
257 3135 298 3184 se
310 3113 549 3204 profiterentur
567 3115 604 3178 et
625 3111 774 3180 certatim
793 3111 917 3177 statuis
933 3111 1072 3196 aliisque
1092 3110 1268 3183 honoribus
1284 3131 1360 3182 eum

258 3218 565 3308 prosequerentur.
1425 3277 1426 3286 ,

340 3311 434 3395 Quae
460 3313 522 3380 hic
544 3310 725 3382 summatim
754 3311 953 3396 carptimque
979 3291 1022 3376 de
1050 3310 1177 3398 Polybii
1200 3310 1272 3378 vita
1299 3333 1357 3380 re-
1425 3311 1426 3334 ¹

256 3417 383 3502 busque
403 3413 513 3502 gestis
534 3409 781 3500 adnotavimus,
802 3417 852 3499 ιιι,
873 3412 1059 3498 priusquam
1076 3409 1120 3477 de
1135 3411 1269 3498 seriptis
1284 3415 1357 3478 eius

179 3569 184 3580 Ι
240 3509 439 3582 ¹diiudieatio
469 3513 714 3597 institueretur,
740 3511 845 3626 ipsum
874 3510 980 3596 ιιίιιιιιι
1010 3512 1178 3600 cognitum
1208 3511 1357 3578 habere-

254 3635 345 3703 mus,
366 3615 550 3702 insequenti
569 3614 760 3680 narratione
781 3613 850 3678 suis
864 3611 946 3678 locis
960 3629 1004 3678 ex
1018 3612 1222 3698 antiquorum
1235 3617 1356 3682 aueto—
1424 3603 1425 3679 ι

118 3759 121 3782 .
256 3717 355 3782 ritate
376 3713 564 3780 accuratius
586 3715 801 3798 exponentur.

336 3813 641 3901 Peregrinatione·
661 3811 837 3896 suscepit·
827 3830 861 3876 m
874 3811 1066 3900 Aegyptum
1085 3816 1251 3898 regnante
1270 3812 1353 3876 Pto-
1423 3871 1424 3874 ,

252 3913 380 3980 lemaeo
396 3913 588 4001 Physcone,
608 3929 693 3999 ergo
715 3915 790 3997 post
809 3927 931 3978 annum
946 3913 1009 3978 ltu
1025 3929 1055 3980 a.
1071 3908 1161 3997 Chr,
1182 3929 1246 3996 quo
1260 3909 1351 3996 Phy-
1423 3909 1424 3985 t

198 4080 202 4090 ,
254 4031 337 4080 scon
350 4013 443 4078 fratri
454 4010 663 4078 Philometori
681 4012 717 4078 in
731 4028 872 4098 regnum
889 4012 1062 4078 suecessit.
1082 4006 1154 4102 (Gi.
1169 4009 1282 4097 Polyb.
1296 4025 1350 4096 ap.
1378 4025 1381 4032 ’

253 4111 367 4182 Strab.
380 4113 471 4178 ouius
485 4110 590 4177 verba
602 4110 713 4178 retulit
725 4111 758 4175 in
772 4112 878 4198 Reliq.
894 4112 979 4178 Hist.
989 4111 1102 4198 Polyb.
1112 4107 1282 4196 XXXIV,
1297 4110 1348 4172 14.
1422 4153 1423 4160 .

252 4207 628 4304 Schweighaeuserus)
676 4209 840 4280 Crederes
869 4213 1054 4278 comitatum
1082 4211 1185 4278 fuisse
1214 4206 1347 4296 Scipio-
1422 4207 1423 4291 t
