2844 4952
645 215 1017 362 -ιιι-

197 501 207 514 ‚
241 477 366 548 ausu
385 423 487 568 agenr
507 469 696 546 cnonas
715 473 874 566 upumn
893 473 1027 565 regau
1046 474 1095 546 su
1111 475 1258 564 neum,
1284 479 1324 546 ιι

240 577 473 646 Acamantem
500 575 681 665 Lyciscus,
706 578 761 663 qui
786 576 906 666 prioris
935 575 1078 664 coeptisw
1096 576 1227 644 obviam
1257 578 1325 645 irat.
1414 649 1419 656 ,

186 731 190 742 r
222 674 432 758 ‘cuonone
452 680 556 744 oratio
586 675 701 762 Polyb.
731 675 802 764 IX,
827 677 871 742 28
894 711 936 726 -
959 676 1030 763 82,
1056 674 1191 762 Lycisci
1217 669 1354 764 Polyb(

113 791 116 797 ’
240 775 316 864 ΙΧ,
334 777 484 842 aa-tc.
504 773 578 842 coll.
598 773 711 862 Polyb.
739 774 816 864 Xl,
843 775 884 862 d,
912 777 943 841 4.
971 773 1025 840 ubi
1053 773 1195 862 Philippi
1222 777 1329 844 socios

240 877 400 946 nominate
419 876 575 944 mauram
593 873 903 963 Peloponnesiorum
924 879 1062 962 parterm
1081 873 1241 962 Boeotos,
1259 877 1330 942 Eu-

241 975 424 1062 boeenses,
444 973 652 1061 Phocenses,
678 973 824 1062 Locros,
856 971 1058 1059 Thessalos,
1087 973 1265 1065 Epirotas3
1294 975 1331 1040 ci.

240 1075 314 1142 liv.
335 1069 478 1160 XXVI,
506 1073 568 1161 at,
595 1075 626 1138 d.
658 1071 807 1160 Utraque
828 1073 931 1140 orado
951 1071 1165 1160 Polybiauam
1184 1073 1332 1162 profecto

241 1177 383 1240 mentem
402 1173 537 1259 eiusque
557 1174 695 1240 adactus
714 1168 857 1259 redolet,
889 1167 976 1257 quod
1003 1168 1131 1258 quidem
1157 1171 1193 1238 in
1213 1172 1333 1240 tulibm

241 1273 441 1338 mimum-non
461 1276 529 1358 est,
557 1268 654 1338 modo
679 1272 806 1339 veritas
826 1287 871 1338 ne
890 1268 1052 1336 laedatur.
1092 1269 1181 1338 Num
1201 1271 1334 1338 habitae

241 1374 309 1440 sint
328 1387 450 1438 revera
469 1367 600 1438 dubium
619 1369 755 1459 subest,
791 1369 962 1439 uocabulis
992 1369 1079 1436 euim
1109 1371 1261 1436 τοιαῦτα
1283 1369 1335 1462 (c.

225 1457 303 1558 at,
321 1462 430 1560 ἢεῖ
451 1461 545 1536 οὕτω
567 1488 645 1546 πως
665 1467 719 1555 (c.
739 1471 804 1558 88,
822 1463 875 1561 2.)
895 1467 975 1538 nihil
994 1465 1335 1551 demonstratur-(Of.

241 1570 354 1637 Lucas
374 1569 396 1635 1.
418 1585 447 1635 c.
468 1590 499 1658 p
521 1570 607 1653 117.)
626 1569 790 1657 Lyciscae
811 1575 987 1658 propterea
1001 1560 1133 1636 tantum
1152 1565 1243 1656 dicit,
1264 1569 1336 1636 Ro-

242 1678 358 1736 manos
373 1666 421 1736 'ab
443 1668 574 1736 Aetolis
595 1686 674 1736 esse
694 1669 831 1755 accitos,
852 1666 937 1756 quod
958 1669 992 1736 hi
1012 1686 1086 1736 cum
1105 1667 1171 1734 illis
1191 1668 1338 1736 societa-

242 1773 310 1836 tem
329 1769 394 1834 iam
413 1767 564 1834 inierant
586 1765 717 1836 (leteris
737 1768 850 1836 Lucae
869 1768 907 1851 (l.
928 1784 958 1836 c.
988 1788 1019 1856 p.
1051 1767 1137 1852 117.)
1167 1769 1338 1854 qnacstio-

191 1878 193 1882 ’
242 1869 341 1938 nibus
361 1865 653 1956 eaobmoventur,
682 1885 767 1954 quae
786 1869 852 1935 iam
873 1885 975 1956 supra
994 1867 1139 1955 pluribus
1159 1867 1242 1934 locis
1263 1887 1339 1934 mo-

97 1965 100 1969 ’
243 1969 381 2062 unimus,
421 1967 584 2055 hyciscus
613 1982 805 2055 quamquam
832 1965 875 2048 ad
901 1985 976 2056 res,
1003 1978 1040 2034 ut
1060 1973 1128 2036 tum
1154 1965 1339 2056 dispositae

227 2073 357 2155 wstrant,
387 2069 507 2156 optime
537 2069 666 2135 locutus
694 2085 736 2135 aa
763 2065 993 2157 propemodum
1013 2068 1211 2134 vaticinatus
1230 2072 1340 2154 esset,

243 2166 497 2239 Lacedaemonii
515 2171 627 2235 tamen
648 2185 720 2237 cum
738 2169 870 2236 Aetolis
880 2167 1103 2254 Romanisque
1122 2163 1237 2236 foedus
1251 2181 1341 2232 con·

225 2272 299 2341 tra
317 2265 497 2356 Philippum
517 2267 716 2354 pepigerunt
735 2267 824 2346 (biv.
845 2265 982 2356 XXVI,
1003 2268 1137 2356 mit).

326 2365 384 2432 Ex
404 2384 467 2452 quo
488 2365 590 2452 igitur
609 2365 757 2480 tempore
787 2366 928 2433 Romani
946 2367 1083 2454 primum
1103 2367 1140 2432 iu
1159 2363 1343 2434 Graeciam

132 2503 133 2508 =
244 2465 447 2535 traiecerant
466 2462 575 2549 ibique
587 2465 688 2532 sociis
711 2465 910 2578 comparatis
925 2463 1127 2535 Graecorum
1142 2465 1241 2532 rebus
1254 2482 1342 2532 sese

244 2564 426 2630 immiscere
447 2568 643 2650 coeperant,
663 2561 868 2630 Graecinum
888 2571 965 2651 post
992 2562 1125 2642 cladem
1148 2564 1191 2632 ad
1219 2563 1343 2648 Chae-

104 2729 109 2736 .
244 2681 380 2732 romeam
410 2669 582 2752 acceptam
610 2663 764 2730 libertate
790 2647 920 2751 indigni
944 2666 1068 2732 sensim
1096 2666 1131 2732 in
1148 2651 1344 2753 perniciem

244 2781 338 2860 span
358 2781 474 2852 ruere,
502 2760 609 2831 donec
638 2759 797 2832 Corintho
822 2761 934 2832 deleta
961 2781 1053 2832 noua
1078 2764 1228 2833 Achaiae
1251 2783 1343 2852 pro-

244 2864 355 2931 vincia
374 2861 418 2930 ad
437 2864 582 2930 victores
595 2880 782 2950 prorsnsse
796 2863 986 2951 applicaret.
1028 2858 1227 2944 Quibusnam
1250 2874 1343 2932 vero

244 2962 536 3032 machinationibus
555 2962 695 3029 Romani
722 2963 882 3048 quibusve
907 2963 1039 3030 fortuna
1064 2961 1176 3031 invida
1201 2961 1345 3031 castus

245 3063 399 3149 usi-sint,
418 3066 455 3128 ut
473 3067 610 3150 gentem
629 3061 832 3146 antiquitatis
851 3063 950 3138 totius
967 3063 1225 3226 putidissimam,
1254 3063 1345 3130 licet

122 3183 125 3194 ’
244 3180 312 3230 uon
331 3161 429 3249 plane
449 3157 591 3248 deleret,
610 3160 658 3226 ita
677 3166 788 3228 tamen
815 3161 967 3229 circumci
990 3168 1062 3230 eret
1083 3163 1354 3251 contectaque,

245 3266 283 3328 nt
302 3259 415 3328 deleta
440 3277 576 3349 prorsus
601 3258 789 3349 videretur,
809 3278 874 3337 cur.
892 3268 979 3350 post¹
997 3260 1123 3351 Gastii,
1142 3261 1368 3352 ammaoni,

245 3360 423 3448 licerenii,
456 3357 612 3428 Schornii
631 3359 873 3448 disquisitiones
893 3365 928 3428 et
947 3361 1135 3428 notissimas
1154 3365 1189 3428 et
1207 3357 1346 3428 doctis-

245 3461 348 3530 simas
367 3455 474 3526 denuo
495 3475 663 3548 exponere
688 3457 941 3550 aggrediamur,
971 3475 1124 3528 caussam
1151 3460 1234 3528 sotis
1258 3455 1345 3527 ido-

246 3577 350 3626 neam*
363 3577 430 3628 non
450 3557 619 3648 habemus,
638 3561 833 3650 praesertim
853 3577 949 3645 quum
969 3559 1015 3626 cu
1034 3565 1105 3628 tota
1123 3565 1239 3628 nostra
1250 3575 1346 3626 nar-

246 3660 386 3747 ratione,
408 3675 504 3745 quam
516 3658 772 3748 componendam
785 3659 997 3748 suscepimus,
1018 3661 1101 3728 satis
1116 3657 1195 3726 illud
1209 3658 1343 3727 clarum

246 3754 318 3824 fieri
338 3775 439 3845 posse
460 3757 668 3826 confidamus.
708 3759 827 3846 Neque
845 3759 1024 3847 minimum,
1045 3777 1108 3846 quo
1129 3757 1342 3828 craecorum

247 3875 304 3924 res
316 3857 474 3925 &manis
486 3857 783 3927 intervenientibus
795 3861 935 3926 ademtae
954 3865 1047 3948 cunt,
1068 3858 1219 3928 damnum
1230 3877 1340 3928 reno-

199 4011 201 4015 .
247 3955 504 4045 vatamPhilippi
513 3957 600 4024 inter
608 3955 757 4025 Graecos
765 3958 957 4039 Aetolorum
966 3962 1102 4048 rapinas
1112 3962 1339 4030 extimescen-

212 4082 216 4088 ·
246 4060 300 4122 tes
319 4057 496 4144 potentiam
525 4062 623 4143 atque
645 4059 874 4128 auctoritatem
896 4067 1107 4149 reputamus,
1136 4077 1231 4148 quam
1256 4078 1342 4129 mox

246 4154 282 4224 iu
307 4159 434 4226 tantum
460 4163 545 4226 csse
564 4160 694 4226 auctam
722 4173 978 4248 cognoscemus,
1013 4165 1049 4228 ut
1073 4180 1134 4248 pro
1161 4159 1344 4230 arbitraria
