2864 4960
483 333 683 468 ’ἷ-ἰιι
733 425 783 444 -

94 584 292 653 uenum
314 575 498 679 (vuum
520 553 1188 674 ,na-pumannum„

93 688 473 774 op.21aquaesupra
491 687 1188 776 notavimusmniqimmpw

94 793 191 874 sunt,
218 785 414 873 praesertin
443 805 538 872 quum
564 789 698 874 tyranni
725 789 836 856 titulus
863 784 907 854 ad
930 787 1069 854 Aratum
1088 786 1189 873 plane
1333 791 1343 808 ·

86 879 161 952 'uon
182 881 354 976 quadret}

176 986 306 1060 Anius
326 1001 519 1072 uunquam
538 1003 664 1054 sucina
681 989 868 1056 enitebatur
888 1003 1000 1075 opera,
1016 990 1053 1052 ut
1067 1001 1190 1071 mnes,

93 1092 253 1172 quotquot
273 1086 479 1175 singularum
498 1087 533 1154 in
552 1087 782 1176 Peloponneso
800 1087 927 1155 urbium
946 1089 1053 1172 eraut,
1072 1085 1191 1171 quan-

92 1205 157 1252 nos
184 1191 245 1252 aut
271 1187 307 1252 ui
330 1187 514 1274 expelleret
539 1193 598 1254 aut
625 1190 740 1276 aequis
766 1186 1005 1257 vomitionibus
1025 1183 1068 1250 ad
1087 1181 1192 1272 depo-

91 1284 207 1352 nenda
225 1285 363 1373 imperia
381 1285 520 1354 adactos
548 1306 622 1354 cunr
641 1288 787 1356 Achaeis
807 1288 1011 1373 muchium,
1030 1282 1191 1353 Macedo-

91 1405 238 1473 numque
258 1388 487 1454 auctoritatem
500 1405 542 1455 ac
554 1391 743 1478 potentiam
757 1407 842 1478 quae
854 1391 939 1456 satis
951 1393 1019 1454 tum
1031 1386 1067 1452 in
1081 1381 1192 1450 Grae·

92 1488 169 1552 eiae
199 1493 296 1576 parte
323 1486 527 1556 meridionali
552 1491 660 1578 mnpta
686 1489 818 1558 videtur
843 1491 956 1576 inisse,
977 1486 1193 1574 inungeret3

90 1591 206 1652 umen
226 1585 455 1674 expeditiones
475 1586 639 1656 dvorsus
658 1591 830 1680 Athenas,
855 1584 1073 1658 Macedonum
1092 1599 1193 1672 prae-

91 1685 191 1754 sidio·
204 1683 290 1754 duce
317 1685 474 1778 Diogene
504 1689 668 1778 Amatae,
695 1693 830 1780 saepius
861 1686 987 1758 h'ustra
1013 1690 1192 1773 susceptae

91 1783 220 1876 (Paua
240 1787 285 1876 11,
304 1789 338 1874 8,
356 1788 389 1851 a
409 1787 495 1855 utut
515 1790 611 1858 Arat.
633 1809 662 1857 c.
682 1793 760 1878 at.)
788 1793 953 1878 multaque
979 1789 1037 1855 ilia
1056 1789 1192 1876 propter

91 1887 298 1975 Argivorum
333 1887 516 1978 civitatem,
554 1895 769 1978 quamorum
800 1890 967 1958 dominatu
999 1901 1192 1975 oppressam

91 1984 217 2075 (Paos.
238 1988 351 2076 the,
376 1990 408 2052 4.
437 1987 522 2056 Plut.
543 1991 639 2058 Aret
660 2009 689 2057 a
709 1989 797 2082 2⁰.‚)
839 1990 1049 2057 Achaeorum
1068 1982 1193 2053 foederi

90 2086 337 2154 attribuendam
355 2090 513 2178 pericula,
534 2108 620 2178 quae
638 2092 757 2160 iterum
775 2093 956 2208 iterumque
974 2083 1192 2152 hustrasub-

88 2189 142 2276 iit,
174 2189 260 2254 satis
289 2209 352 2256 nos
380 2188 521 2278 docent,
551 2209 648 2278 quam
674 2191 887 2260 necessarius
906 2189 962 2258 iilo
989 2184 1192 2299 potpssimum

89 2293 242 2376 tempore
262 2286 409 2356 Achaeis
428 2289 517 2360 bello
537 2298 655 2380 aperte
673 2289 825 2383 gerendo
844 2285 913 2356 dux
932 2286 1029 2354 tuerit
1041 2269 1191 2350 idoneus

90 2383 218 2468 Quibus
245 2388 373 2476 quidem
401 2391 532 2462 urbhus
559 2388 739 2461 liberandis
765 2385 1042 2489 expugnandisve
1063 2381 1191 2451 etiumsi

88 2488 245 2558 lubenter
266 2481 483 2560 concedamus
503 2493 559 2560 vel
578 2493 742 2562 inferioris
760 2499 861 2562 notae
880 2492 1111 2580 imperatorem
1131 2477 1191 2550 sa·

88 2591 250 2657 tisiacere
269 2591 433 2681 potuisse,
453 2591 624 2662 dummodo
645 2595 739 2662 cives
759 2610 873 2668 earuun
892 2589 1103 2658 Achaeorum
1122 2585 1191 2652 rei-

87 2691 245 2778 publicae
266 2709 388 2760 caussa
407 2695 473 2760 et
460 2697 525 2784 upsi
543 2695 691 2783 pericula
703 2691 874 2762 subeunda
887 2703 1084 2780 operamque
1098 2703 1191 2752 suam

89 2789 329 2880 praestandam
348 2795 589 2887 suscepisseut3
609 2792 816 2863 clandestina
831 2797 943 2860 tanuen
956 2787 1105 2872 consilia,
1118 2785 1191 2871 qui·

89 2889 194 2955 bus
182 2913 224 2984 ¹¹¹.
246 2891 379 2960 urbibus
407 2893 458 2960 his
486 2891 725 2986 aggrediendis
752 2893 945 2982 saepissime
970 2908 1051 2956 usus
1072 2891 1135 2984 est,
1155 2887 1191 2952 et

91 2991 209 3060 clades
236 2991 280 3058 ad
307 2990 486 3062 Charetem
505 2995 653 3085 invium,
682 3013 747 3085 qua
767 2996 876 3062 affecit
896 3011 970 3060 eum
990 2978 1190 3076 Aristippus,

90 3091 298 3182 Argivorum
326 3101 488 3182 quonum
514 3095 623 3189 (Ptut.
644 3097 791 3166 Arate.
811 3095 989 3186 21-29.»
1015 3092 1099 3160 satis
1127 3087 1190 3156 de·

89 3201 279 3262 monstrant
298 3197 499 3286 luculenter,
529 3217 596 3269 nou
623 3199 726 3266 fuisse
745 3199 829 3267 tanti
848 3196 1002 3268 monenti
1021 3209 1086 3258 uec
1105 3182 1190 3256 saue

89 3313 239 3384 magnae
258 3293 419 3364 catanae
438 3315 526 3385 rem,
553 3297 584 3365 si
604 3299 677 3386 quis
698 3317 772 3366 cun
790 3299 898 3367 Arato
923 3295 998 3362 acie
1025 3285 1189 3386 instructa

88 3413 239 3484 pugnam
259 3414 437 3464 conserere
458 3399 692 3467 constituisset.
725 3397 771 3466 Ut
784 3414 905 3466 revere
917 3389 1189 3481 imperatoralius

88 3515 156 3562 non
177 3495 277 3564 facile
296 3499 476 3586 reperitur,
495 3501 550 3585 qui
569 3504 619 3568 tot
639 3497 882 3588 expugnaverit
902 3495 1020 3586 urbes,
1051 3489 1106 3556 vel
1126 3506 1189 3554 ex-

88 3593 350 3684 pugnandarum
369 3599 487 3666 saltem
507 3601 714 3670 occasionem
734 3601 882 3698 habuerit
907 3603 1007 3682 atque
1033 3592 1188 3698 oppdum:

87 3698 239 3783 nitatem,
260 3698 308 3765 ita
327 3703 438 3765 umen
458 3701 517 3766 vix
536 3717 727 3788 quemquam
745 3719 799 3768 me
818 3717 921 3768 nosse
941 3693 1113 3785 profiteor,
1134 3679 1189 3774 qu'i

87 3795 244 3864 iortuuae
264 3797 516 3865 inconstantiam
537 3805 653 3888 aperto
675 3801 759 3868 bello
780 3805 848 3867 tam
867 3814 969 3886 saepe
996 3809 1188 3892 perpessus,
1224 3873 1226 3880 ,

87 3901 139 3964 tot
166 3895 317 3964 cladituus
345 3901 482 3964 uectus
512 3897 649 3988 (Polyb.
669 3899 730 3986 IV,
749 3903 781 3966 8.
809 3899 896 3965 uiue
916 3897 1040 3985 Phiiop
1069 3913 1099 3961 e
1106 3881 1187 3980 a),

88 3995 394 4066 tamvehementer
414 3997 622 4066 Achaeorum
638 4000 820 4100 opprobn‘is
833 3999 1009 4065 lacessitus
1023 3990 1076 4080 sit,
1086 4007 1187 4079 quam

87 4097 244 4200 Aratum,
265 4098 320 4184 qui
338 4102 451 4164 tamen
469 4102 596 4164 tantm
615 4093 729 4187 abest,
754 4106 792 4167 ut
810 4097 874 4166 suhi
893 4095 1095 4185 persuaserit
1117 4107 1188 4158 rem

88 4191 332 4284 apertissiuum
351 4197 564 4286 omnibusque
584 4201 770 4288 cognitam,
790 4199 919 4266 seilicet
938 4215 977 4264 se
996 4193 1074 4263 belli
1093 4188 1187 4256 doch

88 4295 200 4367 indute
224 4315 362 4386 prorsus
381 4315 515 4388 were,
542 4303 642 4388 atque
661 4297 881 4388 deposuerit
869 4298 1035 4385 unpenum
1055 4290 1109 4358 vel
1130 4288 1187 4356 atii
