2844 4952
681 319 1072 437 -sseee-'

270 558 346 625 lium
368 555 576 622 Achaeorum
596 555 722 642 recepit
742 551 817 646 (01.
837 555 920 640 14⁸,
946 549 1151 646 lincunte)
1188 557 1337 628 llaerehat

270 657 399 746 quidem
424 664 458 725 et
484 658 689 746 angebatur,
720 675 816 742 quum
844 654 886 721 ad
915 656 1022 723 omnia
1042 656 1115 742 ipsc
1135 658 1245 748 raptim
1263 661 1338 746 isset,

270 761 351 826 nulli
377 766 488 828 tamen
517 779 556 828 sc
591 762 640 826 rei
668 761 702 827 in
734 767 881 847 tempore
901 759 1094 827 omnmssc
1108 763 1156 823 =et
1183 760 1337 848 rapientem

270 859 700 929 omnieexoculiselnsisse
713 862 915 928 celeritatem
928 859 1204 926 soumiertnnam.
1226 860 1338 926 lucun-

270 962 345 1027 olio
365 969 473 1029 autem
493 960 702 1028 dissimulans
723 959 963 1050 aegritudinem
976 961 1065 1027 elato
1078 962 1187 1028 animo
1199 959 1338 1046 disseruit,
1396 1023 1397 1036 ,

269 1065 413 1130 mutus
431 1061 514 1131 deos
534 1063 766 1150 hominesque,
787 1081 827 1128 ee
847 1061 936 1128 nullo
955 1061 1051 1147 loco,
1071 1077 1117 1127 ne
1136 1066 1276 1149 tempore
1291 1061 1338 1129 de·
1396 1049 1397 1134 l

268 1162 390 1250 luisse,
411 1165 498 1252 quin,
519 1165 574 1232 uhi
595 1165 735 1234 hostium
755 1179 849 1229 arma
867 1163 1151 1249 concrepuissent,
1171 1181 1221 1249 co,
1241 1169 1339 1249 quanta
1396 1155 1397 1202 ³

269 1269 413 1334 mamma
438 1272 555 1355 posset
584 1266 775 1350 celeritate,
812 1261 986 1350 tenderet,
1021 1261 1083 1332 sed
1113 1264 1172 1331 vix
1205 1265 1337 1332 rationem

269 1366 343 1435 iniri
363 1387 481 1456 posse,
500 1373 609 1435 utrum
631 1367 675 1434 ah
695 1384 735 1432 se
754 1362 928 1449 audacius,
959 1380 1003 1428 an
1022 1361 1177 1450 tugacins
1196 1365 1238 1430 ab
1256 1364 1338 1431 hosti-

270 1467 333 1534 bus
353 1474 495 1558 geratur
514 1469 642 1550 belluna
685 1464 756 1532 Sed
777 1482 843 1532 non
864 1479 995 1551 semper
1008 1461 1136 1528 felicem
1151 1481 1227 1530 esse
1239 1464 1337 1552 lugan,

270 1585 335 1635 nec
354 1589 415 1656 pro
435 1567 563 1638 didleili
576 1567 609 1634 id
623 1568 742 1634 bellum
755 1563 957 1653 habendum,
977 1563 1011 1630 in
1025 1583 1108 1652 quo,
1131 1564 1263 1633 simodo
1276 1585 1338 1632 eon·

270 1685 418 1755 gressus
441 1687 514 1737 eum
540 1669 688 1738 hostibus
716 1668 782 1750 sis,
808 1664 941 1732 viceris.
992 1659 1085 1744 Quod
1108 1667 1240 1754 primun
1258 1671 1338 1750 essd,

271 1770 513 1838 contessionem
534 1790 573 1838 ae
602 1770 743 1852 hostimn
771 1766 915 1850 hahere,
941 1783 1148 1853 nequequam
1169 1773 1262 1858 pares
1280 1784 1339 1834 esse

270 1872 348 1959 sthi,
368 1873 464 1942 hreni
484 1879 519 1942 et
539 1875 710 1942 victorim
730 1869 819 1938 haud
839 1866 969 1934 dubiem
988 1867 1190 1957 habiturum,
1210 1885 1269 1935 uec
1285 1883 1338 1930 me·

268 1971 352 2041 licre
373 1979 496 2043 eventu
516 1993 576 2044 eos
597 1993 729 2060 secum,
751 1989 848 2060 qnam
867 1989 929 2059 spe
948 1975 1165 2058 pugnaturos.

352 2076 451 2145 Laeti
470 2095 587 2167 regem
608 2078 690 2146 socii
711 2073 899 2162 audierunt,
920 2073 1036 2162 quinus
1057 2075 1161 2142 nroes
1181 2067 1338 2147 nonnnllas,
1397 2099 1398 2132 t

270 2175 420 2244 Achaeis
433 2177 601 2246 Heraeam
615 2163 650 2245 et
668 2177 886 2267 Triphyliam,
913 2175 1105 2262 Alipheram
1122 2180 1228 2241 autem
1241 2170 1339 2252 olena-

267 2276 946 2366 lepolitanisredditurmnsepollieitusest
958 2269 1338 2362 (Livsxxlloxllffl,

268 2379 321 2443 84.
349 2378 463 2467 Polyh.
484 2381 603 2468 livill,
631 2384 683 2447 dd.
713 2381 753 2447 ci.
774 2376 1026 2452 Brcitenhanch.
1053 2379 1075 2444 l:
1099 2397 1129 2445 c.
1156 2399 1188 2465 p.
1207 2377 1254 2440 ed.
1273 2376 1337 2455 etp·

268 2472 373 2561 loll).
394 2477 477 2546 Inde
497 2481 639 2547 northus
661 2481 808 2568 acceptis
824 2479 867 2545 cb
881 2479 1031 2546 Achaeis
1049 2484 1163 2557 (erant
1176 2482 1274 2543 autem
1286 2477 1338 2537 tres

269 2575 495 2664 quadriremes
516 2586 551 2647 et
571 2581 714 2646 boenes
735 2577 885 2662 totidem)
906 2579 1100 2666 Anticyram
1123 2577 1253 2647 halect.
1272 2571 1338 2638 lliue

268 2679 437 2766 proiectus
458 2677 503 2746 ad
521 2681 690 2768 Erythras
711 2679 904 2748 Aetolorum
924 2680 1177 2747 exscensienem
1194 2675 1274 2744 iecit.
1294 2671 1338 2736 ln-

269 2781 324 2844 ter
344 2777 549 2846 Potidaniam
570 2785 605 2847 et
634 2779 845 2868 Apolloniam
873 2779 1065 2847 Aetolorum
1093 2799 1216 2868 pecora
1234 2774 1338 2858 direpta
1398 2773 1399 2862 t

268 2882 304 2944 et
323 2878 358 2944 in
378 2896 486 2948 neves
506 2887 583 2948 sont
605 2882 783 2968 compulsa
834 2878 917 2948 Gom
943 2879 997 2948 his
1025 2887 1202 2968 ceteraque
1229 2868 1338 2966 wlede
1398 2879 1399 2942 ἔ

267 2977 366 3044 Nicia
386 2985 542 3067 praetore
572 2981 782 3048 Achaeorunm
812 2979 955 3069 Aegium
980 2983 1101 3054 misso,
1130 2985 1223 3069 quum
1241 2971 1337 3074 Colli·

267 3076 358 3144 thum
376 3081 533 3166 petisset,
554 3081 628 3168 ipse
648 3081 692 3147 eh
706 3081 890 3149 Cenchreis
902 3081 1070 3169 mungens
1085 3077 1268 3152 chalcidem
1278 3089 1337 3160 per-

268 3180 371 3245 vente
422 3179 504 3248 llox
525 3179 646 3249 (lucum
666 3183 823 3270 navigat,
849 3177 991 3276 indeque
1009 3180 1249 3252 Demetriadem
1265 3167 1337 3239 traii-

269 3278 324 3344 cit.
366 3275 450 3360 Quia
470 3301 552 3350 vero
573 3283 685 3349 resin
707 3282 851 3350 Graecia
870 3285 1066 3370 tranquillas
1081 3291 1117 3352 et
1129 3275 1277 3372 profectio
1289 3267 1337 3334 Ai-

266 3377 329 3444 tali
346 3381 472 3450 feceret
493 3385 581 3450 etin
601 3388 750 3471 tempore
774 3383 1002 3451 lahoranhhus
1023 3385 1124 3451 sociis
1145 3385 1240 3448 latum
1258 3369 1294 3438 ab
1310 3379 1337 3426 ³⁰

268 3479 422 3547 aumlinm
444 3487 542 3550 retro
557 3484 592 3549 in
613 3501 753 3571 regnum
775 3484 960 3562 concessit,
988 3488 1026 3550 ut
1052 3481 1219 3550 Dardanis
1242 3467 1336 3538 bellun

267 3578 403 3648 monet
422 3577 517 3674 (niv.
537 3579 684 3669 ntro,
705 3586 736 3648 s.
760 3583 842 3649 tuse
862 3583 994 3666 xxix,
1008 3585 1039 3648 4.
1060 3583 1150 3652 ntor.
1171 3581 1212 3660 rt,
1231 3575 1259 3637 t.
1277 3561 1336 3632 Ne

268 3679 436 3746 assentior
455 3679 514 3764 iis,
536 3698 622 3769 quae
641 3682 753 3748 huces
773 3683 795 3746 l.
818 3699 846 3747 c.
868 3703 900 3770 qa
921 3683 994 3747 llll.
1015 3687 1051 3749 et
1070 3683 1142 3748 lati.
1162 3657 1323 3770 scripsit).

351 3777 434 3845 Post
452 3779 593 3868 Philippi
614 3778 797 3848 discessum
811 3777 959 3870 Sulpicio
980 3782 1095 3869 copiae
1108 3775 1286 3876 ‘auxiliares'
1297 3775 1337 3823 Ἣ·

201 3891 203 3900 *
268 3869 389 3942 dentur
409 3881 619 3969 accessisse,
639 3881 783 3949 sortasse
803 3879 918 3948 decem
938 3881 1038 3947 millia
1051 3877 1201 3967 peditum,
1215 3863 1336 3972 equitati

267 3973 377 4062 melo,
397 3976 463 4042 nisi
482 3977 655 4067 Appianus
674 3977 819 4070 OEelog.
839 3977 969 4048 Maced.
990 3979 1040 4064 ll,
1062 3981 1118 4070 1.)
1138 3993 1196 4066 pro
1217 3961 1336 4046 Sffll¹⁶¹⁰

268 4089 498 4142 successorem
519 4079 590 4144 eius
611 4079 647 4144 Ρ.
669 4076 896 4168 Sempronium
917 4075 1112 4146 Tuditanum
1132 4069 1268 4143 scrt‘hire
1287 4067 1336 4117 νο·
1371 4087 1372 4094 ’

268 4169 375 4240 luero.
414 4169 486 4266 [Gi.
508 4173 581 4241 [dv.
603 4177 721 4264 xllx,
743 4175 817 4267 12.)
839 4176 968 4265 Dyman
983 4191 1129 4266 quoque,
1150 4183 1240 4258 quim
1258 4161 1335 4222 “⁰³¹⁰

268 4287 312 4337 ex
333 4271 497 4364 omnihust,
519 4293 603 4362 qnae
624 4277 772 4346 Achaeis
794 4281 967 4366 parerent,
988 4273 1076 4346 dicto
1095 4268 1267 4342 audientem
1285 4246 1334 4314 Μ·
