2864 4960
495 385 797 460 ..37-

98 601 169 653 eun
192 595 349 650 summurn
375 576 479 646 inisse
507 573 624 646 ducem
653 581 688 646 et
707 595 827 646 nomen
850 580 997 654 etmulti
1016 579 1080 650 loci
1100 583 1192 650 allir

97 687 185 752 mant
216 679 354 776 (Polyb.
381 682 426 765 ll,
453 677 506 744 48.
534 681 625 768 XVl,
653 681 704 744 la.
725 681 776 744 211.
804 695 841 747 π.
863 679 920 767 dp.
942 701 973 747 κ.
995 701 1074 749 aaa.
1102 681 1191 774 al..)

96 783 219 850 Aream
239 779 344 850 semel
364 770 469 867 ᾑρέθη
492 773 685 864 στρατηγὸς
706 775 938 867 αὐτοκράτωρ
967 777 1076 866 (Pina
1095 783 1193 852 Arar.

100 899 129 948 a
147 878 233 970 41..)
275 879 427 968 Legatos
455 882 665 946 externorum
685 880 906 968 populoram'
895 901 929 949 ιι
951 882 1151 950 concilium
1140 902 1194 950 m-

96 977 236 1048 dncebat
259 984 393 1068 praetor
414 973 558 1070 (Polyb.
572 979 694 1067 Legat
714 975 834 1068 1111).
874 981 916 1048 In
936 983 1006 1050 eius
1026 987 1220 1070 potestate·

93 1087 163 1148 erat
194 1079 365 1148 societatis
391 1077 649 1167 sigillumque
679 1095 763 1165 quae
785 1077 944 1147 mandata
973 1079 1017 1146 ad
1037 1081 1193 1150 civitates

90 1178 215 1248 foederi
236 1177 424 1266 adscriptas
444 1178 671 1246 emitterentur
690 1179 861 1268 obsignari
876 1181 1029 1249 solebant
1052 1177 1192 1274 (Polyb.

92 1278 151 1368 Ν,
161 1281 231 1364 7.).
254 1274 439 1346 creabatur
458 1277 494 1344 in
515 1295 555 1344 eo
577 1284 752 1368 conventu,
773 1280 827 1366 qui
848 1281 938 1347 circa
955 1279 1123 1348 Pleiadum
1136 1301 1195 1350 or·

95 1385 161 1446 tam
181 1380 318 1446 ineunte
344 1370 475 1450 ae'state
494 1375 688 1446 habebatur.
730 1379 861 1448 Mortuo
887 1387 1042 1469 praetore
1061 1383 1111 1469 is,
1140 1379 1196 1468 qni

89 1479 211 1567 prioris
234 1479 314 1545 anni
334 1483 712 1568 praeturmn·gesserat,
733 1481 965 1568 solidabatur,
987 1479 1094 1570 donec
1108 1480 1195 1550 insto

92 1583 242 1666 tempore
261 1579 348 1644 alins
368 1577 477 1645 creari
496 1585 612 1666 posset
644 1577 783 1668 (Polyb.
803 1581 866 1668 111,
888 1575 992 1669 ld,t.'
1012 1563 1112 1666 17,1.
1133 1578 1195 1669 Ν,

93 1680 191 1765 37,2.
213 1677 256 1766 V,
271 1679 458 1766 1,1.ac‚r.
474 1679 622 1768 xn,2..)
663 1680 730 1746 Per
750 1627 913 1748 biennium
932 1625 1196 1770 praebuitliungi

94 1777 202 1848 eidem
222 1798 290 1847 non
318 1783 392 1847 erat
413 1777 542 1866 quidem
561 1777 693 1870 legibus
714 1781 835 1850 licitum
856 1780 964 1872 (Plut.
984 1781 1081 1850 Arat
1099 1799 1128 1849 c.
1142 1784 1195 1848 27.
1309 1791 1327 1800 ·

92 1881 144 1949 8⁰.
166 1877 294 1950 cnon
315 1884 366 1948 14.
394 1881 445 1944 lb.
465 1885 502 1948 ut
533 1877 679 1968 Spartae
699 1882 821 1948 nemini
841 1883 1009 1970 lantper
1030 1881 1197 1988 biennium

93 1980 198 2046 classi
218 1996 389 2068 praeesse,
410 1978 501 2046 Xen.
520 1979 652 2048 Hellen.
673 1978 862 2073 Π,1,7.),
881 1981 982 2049 nihilo
1002 1988 1113 2064 tamen
1133 1971 1196 2048 mi-

90 2099 156 2148 nus
178 2080 267 2147 hanc
288 2085 380 2147 certe
400 2079 512 2169 legem
532 2080 666 2167 saepius
694 2082 860 2168 migrasse
888 2083 1046 2151 Achaeos
1074 2081 1196 2170 depre-

24 2186 27 2192 '
92 2178 285 2269 inaudimus,
307 2199 421 2268 quum,
449 2179 480 2246 si
507 2197 602 2266 quem
633 2179 818 2247 habuerunt
838 2177 989 2248 idoneum
1009 2183 1131 2268 virum,
1153 2179 1197 2247 ad

90 2282 182 2349 bunc
202 2300 264 2370 per
284 2278 367 2348 duos
387 2280 444 2348 vel
465 2285 536 2348 tres
556 2281 656 2351 etiam
676 2299 783 2350 annos
805 2279 920 2350 ordine
930 2279 1097 2350 deferrent
1112 2301 1195 2350 eun-

90 2381 171 2450 dem
189 2382 440 2472 magistratum,
461 2382 509 2449 ita
529 2386 658 2471 tamen,
688 2388 725 2450 ut
746 2384 947 2452 comitiorum
966 2387 1112 2472 tempore
1133 2400 1196 2470 ap-

91 2487 231 2573 petente
251 2483 399 2572 legitimo
419 2479 527 2550 denno
557 2488 744 2575 crearetur,
771 2483 869 2571 idque
896 2485 995 2554 Arati
1023 2491 1057 2552 et
1082 2485 1196 2553 Philo·

90 2583 265 2674 poemenis
287 2583 441 2671 historia,
471 2584 619 2670 locisque
638 2583 808 2652 Plutarchi
828 2603 931 2672 supra
950 2584 1102 2671 laudatis,
1133 2581 1196 2649 de-

89 2683 272 2754 monstrari
287 2703 388 2772 posse
404 2682 603 2762 confidimus.
648 2684 738 2752 Nam
757 2684 838 2772 παρ’
862 2679 1021 2752 ἐνιαυτόν
1043 2692 1096 2752 ast
1115 2682 1196 2750 illud

90 2782 226 2872 quidem
244 2803 312 2852 uon
332 2785 437 2879 solum
457 2785 596 2852 alternis
617 2785 725 2873 annis,
745 2783 809 2852 sed
829 2785 927 2852 etiam
945 2786 1041 2852 annis
1054 2786 1196 2852 invicem

91 2903 137 2952 se
156 2886 405 2974 excipientibus,
419 2883 596 2953 dummodo
615 2903 706 2954 nova
724 2886 972 2974 praecesserint
987 2884 1117 2953 comitia
1133 2903 1197 2952 no·

88 3001 203 3074 voque
232 2987 382 3053 instituta
409 2987 505 3054 inerit
527 2987 669 3073 creatio,
699 3002 795 3073 quam
814 2986 919 3074 ipsam
940 2981 1014 3052 κατ’
1037 2977 1197 3052 ἐνιαυτόν

91 3085 231 3173 siquis
260 3087 387 3154 electus
414 3091 507 3154 esset
531 3092 681 3176 praetor,
709 3087 789 3152 anni
817 3087 914 3153 unias
944 3085 1052 3174 spatio
1080 3085 1196 3173 elapso

92 3205 164 3256 uon
184 3188 351 3276 potuerint
370 3185 478 3255 denuo
498 3187 681 3255 instituere.
703 3183 778 3278 (Oi.
788 3179 921 3276 iubas.
931 3181 1008 3274 aa)
1040 3183 1093 3252 De
1106 3203 1195 3252 anno

92 3292 207 3355 antem
227 3289 358 3376 aetatis,
379 3305 445 3375 qua
463 3287 593 3354 licuerit
612 3285 736 3354 ambire
755 3289 956 3378 praeturam,
969 3285 1050 3352 nibil
1064 3283 1196 3384 legibus
1283 3371 1285 3378 Ι

93 3385 229 3456 videtur
256 3387 360 3456 inisse
379 3387 601 3478 praelium,
631 3405 747 3455 verum
767 3405 864 3474 quum
883 3385 1051 3452 tricenarii
1071 3377 1197 3449 tantum

95 3485 142 3554 ad
164 3491 349 3556 conventus
370 3485 620 3556 admitterentur
645 3477 781 3580 (Polyb.
801 3487 924 3572 xxix,
943 3481 1042 3570 ta'),
1030 3499 1095 3549 ram
1120 3478 1197 3548 inde

94 3587 244 3656 iuniores
264 3583 308 3654 ad
328 3592 517 3675 praeturam
538 3585 700 3673 admissos
720 3607 787 3654 non
809 3604 897 3672 esse,
918 3586 1057 3670 excepto
1078 3581 1196 3669 Arato,

94 3708 158 3776 pro
179 3691 273 3756 certo
295 3680 446 3776 colligas.
497 3699 504 3732 ¹

177 3786 349 3856 Praetoris
377 3788 510 3874 imperio
539 3788 707 3857 subiectus
738 3791 813 3854 erat
846 3787 1008 3872 magister
1036 3781 1195 3872 equitnm3

94 3902 160 3973 quo
179 3902 326 3974 manere,
347 3885 453 3974 qniad
473 3893 660 3974 praeturam
673 3883 836 3953 accedere
849 3884 962 3973 vellet,
976 3883 1092 3970 coique
1105 3882 1196 3968 prins

90 3983 297 4076 iungendum
317 3991 391 4055 erat
411 3985 541 4073 (Polyb.
561 4006 600 4053 π.
621 3987 678 4075 cip.
699 4009 729 4054 κ.
750 4005 829 4053 aaa.
843 3987 919 4064 aa).
961 3981 1055 4050 Bello
1075 3985 1193 4049 exorto

91 4084 306 4174 eligebantur
332 4087 564 4176 hypostrategi
589 4107 617 4153 s.
646 4086 766 4156 tribuni
794 4085 944 4173 militurn,
975 4081 1194 4166 classiumque

92 4182 212 4275 duces,
232 4187 310 4258 item
322 4186 493 4277 ‚praetoris
512 4186 646 4274 imperio
667 4185 840 4256 subiuncti.
