2864 4960
659 356 954 428 -138-

258 541 479 619 terAchdeos
499 545 658 633 adscripti
678 552 764 612 sunt
807 545 1184 634 Ptolemaeumque,
1204 550 1341 638 Aegypti

258 665 391 740 regom,
419 650 472 736 qui
492 654 572 716 tuno
592 665 749 713 summum
776 651 868 712 terra
886 647 1033 732 marique
1055 649 1158 714 tenuit
1174 649 1342 736 -mperium,

258 753 384 818 Aratus
392 749 541 816 Achaeis
550 747 974 825 conciliatumeormniussu
984 765 1128 818 sommae
1137 767 1245 822 rerum
1254 767 1342 836 prae-

258 851 334 918 iecit
346 852 457 934 (Paos.
474 850 518 932 Π,
534 851 565 933 8,
578 849 633 930 4.).
653 847 772 932 Neque
791 847 876 914 haee
890 846 1099 918 Achaeorum
1115 847 1341 938 adAegyptios

257 951 437 1037 applicatio
465 951 614 1034 cuiquam
629 947 902 1034 vituperabitur,
931 949 985 1032 qui
1014 949 1179 1036 Antigoni
1203 949 1342 1022 Gouatae

259 1057 295 1117 et
317 1057 414 1138 capta
435 1053 499 1116 iam
510 1048 752 1116 Acrocorintho
771 1049 806 1114 ln
835 1048 1062 1134 Peloponneso
1084 1047 1359 1140 admodumma·'

256 1168 359 1239 gnam
371 1151 474 1217 luisse
487 1150 716 1216 auctoritatem
730 1159 866 1244 eumque
885 1148 1019 1216 foedere
1034 1167 1106 1218 cun
1120 1151 1268 1218 omnihus
1283 1150 1343 1218 iere

259 1243 463 1340 slngulardm
479 1249 609 1316 hrbiam
632 1247 788 1336 tyemonis
817 1252 1023 1316 coniunctum
1050 1251 1173 1336 fnisse,
1210 1250 1356 1342 moino

256 1365 339 1418 vero
360 1369 434 1418 cum
455 1352 624 1438 Aristippo
640 1357 682 1416 :et
701 1351 932 1429 Aristomache
960 1352 1101 1439 Aogivis
1128 1349 1239 1442 (Plut.
1260 1351 1342 1420 Atat.

257 1468 286 1515 e
307 1445 493 1541 amah),
516 1449 681 1516 Graeciae
701 1469 799 1537 porro
820 1452 906 1518 inter
927 1450 1157 1519 Macedoniam
1178 1457 1212 1518 et
1235 1453 1342 1537 Aegy·

255 1555 345 1637 ptum
359 1553 445 1626 sitae
460 1558 494 1628 ot
514 1549 617 1618 modu
630 1551 695 1626 huc
715 1549 810 1617 modo
831 1551 908 1618 illoc
929 1552 1116 1621 fluctuantis
1137 1549 1342 1619 conditionem

256 1649 333 1718 inde
355 1669 376 1716 a
400 1651 557 1739 Philippi,
583 1651 756 1738 Amyntae
784 1651 859 1738 lilim
889 1651 1090 1740 temporibus
1119 1648 1341 1743 proculdubio

256 1752 470 1818 miserrimam
491 1754 694 1839 reputaverit
715 1757 815 1839 atque
844 1755 941 1832 Arati
969 1751 1110 1840 deniqne
1132 1752 1218 1822 hollo
1238 1755 1357 1838 aperte

257 1851 409 1940 gerendo
437 1855 567 1923 minime
594 1851 746 1925 idoneam
777 1857 970 1942 respexerit·
991 1852 1133 1922 indolem
1154 1871 1196 1920 ao
1214 1851 1341 1920 monto-

257 1949 678 2044 tem(1³lut.oltl³hnop.
701 1949 813 2046 aa).
932 2005 934 2014 .
1040 1962 1047 1972 “
1213 1977 1216 1987 ·

276 2051 280 2063 '
336 2051 468 2120 Deinde
488 2055 523 2120 in
537 2055 681 2120 Atticam
695 2057 831 2142 polonum
846 2053 1340 2144 hospitatesotnmomome

256 2155 367 2220 missis
382 2155 484 2244 copiis
498 2155 637 2223 insulam
652 2153 869 2244 depopulatus
883 2163 946 2223 est.
988 2152 1115 2234 Omnes
1127 2153 1342 2230 antcmrdtho—

253 2255 402 2342 menses,
423 2275 507 2342 quos
529 2256 615 2322 hello
637 2264 792 2343 ceperat,
818 2254 1126 2325 sinaroiemtionis
1146 2259 1249 2346 pretio
1268 2254 1340 2320 liho-

253 2371 317 2422 ros·
335 2354 471 2444 dlmisit,
501 2374 606 2442 eaque
628 2375 665 2422 re
687 2359 813 2442 effecit,
844 2365 881 2424 ut
910 2365 977 2425 mm
999 2353 1135 2446 primum
1149 2378 1181 2450 a
1197 2352 1341 2434 Macedo-

253 2477 330 2520 num
356 2473 442 2544 rege
470 2451 661 2523 desciscere
694 2459 884 2545 cogitarent
924 2457 1042 2547 (mut
1080 2460 1179 2536 Mat
1204 2477 1237 2524 o.
1262 2446 1340 2541 Ad}

253 2556 409 2624 Athenas
430 2575 512 2624 vero
535 2573 593 2624 cur
627 2573 817 2646 aggressus
843 2561 887 2626 slt
907 2561 1049 2647 Aratus,
1077 2559 1262 2628 Pausanias
1287 2550 1342 2644 (ll,

253 2657 297 2744 8,
318 2660 348 2722 4.
370 2651 424 2748 6.)
445 2659 564 2746 optime
584 2660 746 2746 exposuit.
797 2659 916 2748 Magni
944 2661 1034 2726 enlm
1058 2650 1344 2745 omninoftsciendl

255 2763 329 2824 erat
349 2757 449 2846 urbs,
480 2777 565 2845 quae
593 2761 772 2844 antiquitus
801 2762 865 2827 iam
892 2763 1064 2828 maximam
1088 2765 1176 2831 inter
1197 2761 1341 2829 lGraecos

258 2858 444 2926 obtinuerat
472 2861 723 2948 auctoritatem,
760 2881 824 2948 qua
859 2865 1051 2930 consociata
1083 2871 1119 2930 et
1152 2864 1343 2930 Achaeorum

258 2977 339 3048 opes
365 2979 523 3050 magnum
544 2980 628 3028 sane
649 2964 884 3032 incrementum
899 2971 934 3031 et
946 2964 1151 3036 Macedones
1166 2970 1343 3033 contianon

258 3061 365 3126 minus
385 3059 617 3137 detrimentum
640 3065 817 3150 cepissent.
860 3063 930 3132 Sed
951 3067 1346 3150 Atheniensesnunquam

174 3183 179 3197 ·
250 3159 326 3251 sihi
345 3163 540 3229 constantes
561 3165 648 3230 inter
668 3169 840 3252 utromque
859 3167 1035 3233 factionem
1056 3167 1269 3254 lucustam,
1293 3161 1343 3226 do·

256 3274 321 3328 nee
341 3259 385 3326 ad
406 3261 610 3330 Macedonas
632 3285 748 3332 rursus
769 3285 847 3332 sese
868 3265 1102 3354 applicuenmt.

296 3351 298 3364 ”
339 3361 470 3430 Eodem
491 3364 564 3432 iere
585 3372 733 3454 tempore
746 3368 835 3456 Agis
856 3373 1004 3454 quartus,
1025 3365 1342 3436 Lacedaemoniorum

258 3479 337 3550 rex,
375 3480 471 3548 quum
502 3465 565 3533 soli
601 3465 804 3534 Graecorum
842 3467 1097 3552 Lacedaemonii
1133 3460 1341 3536 munoribus

256 3573 388 3650 semper
409 3565 523 3631 animis
544 3567 579 3631 in
595 3567 757 3634 'Achaeos
780 3572 895 3634 essent
914 3564 1035 3659 (Paos.
1049 3566 1128 3655 vll,
1148 3569 1180 3654 7,
1200 3556 1339 3655 Apol·

256 3659 357 3726 lenen
378 3657 491 3730 nahem
512 3662 619 3732 subita
639 3667 814 3734 invasione
836 3683 1029 3754 aggressus
1047 3665 1269 3760 expugnavit,
1288 3651 1339 3722 ⁵⁸¹¹

255 3759 299 3824 ab
320 3760 427 3828 Arato
448 3767 703 3852 superveniente
723 3766 847 3853 proelio
869 3767 992 3852 uictus,
1018 3766 1153 3835 foedeie
1173 3769 1253 3854 loto,
1287 3757 1339 3823 ἅθ’

234 3877 400 3928 vmum-se
420 3867 547 3954 recepit
567 3863 687 3958 (Paos.
708 3861 818 3954 Isse,
839 3865 870 3931 d.
893 3867 966 3934 coll.
980 3865 1074 3956 VIII,
1093 3869 1151 3955 27,
1176 3859 1238 3956 9.).
1264 3860 1337 3926 Pro-

258 3963 334 4048 pter
355 3979 452 4048 quam
473 3965 665 4044 societatem
687 3984 759 4032 cum
772 3968 879 4034 Arato
899 3969 1012 4034 initam
1024 3961 1273 4035 Lacedaemonii
1290 3973 1341 4022 eo·

260 4055 334 4125 dem
355 4058 469 4147 Agide
489 4059 574 4130 duce
601 4061 750 4130 Achaeis
780 4067 899 4134 anxilio
920 4073 1099 4154 venerunt,
1131 4085 1224 4154 quum
1244 4049 1340 4128 Aetoli

257 4156 522 4248 Peloponnesum
539 4163 747 4231 invasissent
767 4162 873 4260 (Plnt.
894 4167 990 4232 Arai.
1011 4161 1146 4256 c..a1.).
1209 4164 1215 4198 ¹

251 4276 259 4288 ¹
344 4253 551 4345 (temperatis
571 4279 653 4329 vero
674 4265 761 4332 inter
780 4283 820 4333 se
841 4265 894 4331 his
914 4265 997 4332 locis
1016 4265 1115 4336 Paua.
1137 4265 1186 4351 li,
1204 4263 1249 4346 ὓς·
1268 4247 1338 4322 Η
