2852 4958
438 309 497 328 „
606 354 982 440 ’‘48⁵ss

284 552 320 616 et
339 547 518 638 ἀφίδρυμα
539 537 753 614 Crotoniatae
774 563 846 614 curn
866 547 976 614 sociis.
1016 542 1173 632 idemque
1190 547 1384 614 Amiterni-

284 667 348 714 nus
376 649 433 714 vel
457 639 710 714 Arnbiterminu's
741 641 806 712 dici
833 650 948 732 posset
975 637 1019 711 ex
1048 643 1226 712 Glossaric
1262 643 1384 732 Oyn‘lli.

283 745 466 816 Aenarium
493 763 575 813 vero
602 739 776 833 perperam
805 745 950 812 correxit
979 742 1190 812 Kurtuemhrs
1228 741 1291 838 [in
1317 747 1384 812 Zur

148 843 168 864 ”
285 845 408 914 (iasab.
435 847 576 913 Hellen·
594 842 794 910 Staatsverl.
821 865 853 930 p.
875 837 969 932 141.)
995 843 1029 908 in
1049 844 1253 931 Amariunr,
1282 846 1383 912 hocce

243 973 245 980 ·
274 947 328 1012 ab
350 941 469 1034 ἄρνεσι
489 945 562 1012 Iovi
582 939 883 1010 oblatis'derivaus.
903 938 1008 1036 (uolt
1022 943 1142 1031 11:111,
1156 938 1259 1034 8752)
1289 943 1382 1010 Kah-

249 1089 250 1094 =
284 1045 331 1113 nii
360 1046 556 1113 sententiam
580 1043 752 1132 ignoravit
779 1042 994 1130 llelvingins,
1032 1041 1133 1110 multu
1161 1043 1222 1108 ille
1259 1041 1382 1129 quiden

284 1148 445 1234 ignorans
466 1142 514 1234 (l.
529 1162 557 1210 e.
578 1165 609 1230 p.
623 1144 675 1208 bt.
697 1141 838 1210 sslintun.
859 1143 953 1208 Fast.
977 1140 1106 1208 Hellen.
1128 1163 1159 1228 p.
1174 1144 1252 1207 241.
1274 1137 1380 1232 Not}

285 1242 483 1334 Synedn'um
504 1262 585 1311 vero
606 1239 684 1306 illud
705 1241 932 1327 Achaeorum,
953 1238 1038 1326 quud
1057 1242 1159 1330 Aegii
1180 1239 1302 1308 sedem
1322 1241 1380 1306 ba-

157 1365 160 1372 ·
284 1345 368 1432 buit,
389 1345 487 1410 etiam
498 1342 685 1410 Pausaniae
705 1345 817 1408 aetate
837 1340 994 1426 reliquum
1012 1341 1079 1406 brit
1100 1339 1172 1434 (Cf.
1185 1341 1292 1408 Paus.
1309 1339 1379 1426 Vll,

267 1448 342 1531 nlb,
362 1445 393 1509 7.
415 1447 473 1531 24,
493 1436 547 1532 8.)
587 1438 664 1506 Seu
679 1441 743 1505 iarn
762 1438 837 1506 inde
858 1440 901 1507 ab
914 1441 1012 1506 Arati
1030 1442 1235 1529 temporibus
1250 1443 1286 1508 in
1300 1439 1378 1504 alias

284 1561 412 1630 quoque
432 1541 531 1608 urbes
551 1541 680 1607 Achaei
701 1542 898 1607 convenisse
917 1539 1087 1627 videntur,
1108 1540 1286 1627 dequibus
1299 1539 1378 1604 intra

286 1647 443 1708 accurate
462 1637 644 1727 disputabo.
672 1639 858 1706 Proximum
872 1646 946 1704 erut
958 1641 1152 1729 Humagyn‘i
1165 1635 1378 1706 Parrachuece

288 1743 413 1806 detera
433 1743 565 1822 smne,
594 1736 708 1803 iisdem
729 1741 835 1805 saeris
856 1737 1068 1825 destinatum,
1096 1740 1216 1826 quibus
1237 1737 1377 1806 Palladis

285 1839 506 1910 Panachaeae
525 1838 645 1904 Patris.
666 1835 737 1930 (Ut.
758 1835 857 1902 Paus.
879 1837 959 1924 v11,
980 1842 1037 1926 2⁰,
1057 1834 1112 1930 2.)

367 1937 456 2006 Urbs
477 1937 564 2004 bunc
591 1935 690 2004 Vos·
716 1939 773 2004 vel
792 1937 952 2004 Bostin'na
972 1941 1168 2025 nuncupata·
1178 1955 1291 2026 paene
1314 1937 1376 2000 tcta

286 2041 398 2106 terrae
425 2044 513 2105 mutu
538 2054 625 2104 anno
651 2039 734 2102 1817
760 2035 871 2104 deleta
902 2044 963 2104 est.
989 2035 1061 2132 (Cf.
1091 2039 1262 2109 ltlunnert.¹
1291 2033 1376 2100 vm.

169 2123 195 2165 ⁸
285 2159 317 2225 p.
338 2133 433 2230 4⁰1.)
472 2137 559 2203 Hinc
580 2139 738 2205 orientem
758 2157 878 2205 versus
900 2139 1090 2226 progressis
1111 2141 1217 2208 amnis
1240 2141 1295 2204 est
1313 2132 1375 2200 se.

171 2243 172 2250 ’
284 2237 371 2304 linus
392 2236 541 2326 rupidus,
571 2255 593 2303 a
614 2257 676 2324 quo
697 2239 951 2326 Aegium’viam
971 2239 1073 2305 horae
1093 2235 1293 2304 dimidiatae·
1305 2251 1375 2300 esse

285 2335 387 2403 tradit
407 2337 533 2404 Gellius
554 2333 598 2428 (l.
621 2356 649 2400 c
669 2359 701 2424 p.
724 2332 805 2450 lor).
837 2336 1149 2426 DisceditStrabo,
1170 2335 1262 2426 apud
1288 2353 1374 2420 quen

287 2434 345 2524 ῥεῖ
368 2429 429 2500 διὰ
459 2439 520 2525 τῆς
547 2429 698 2519 Αἰγιέων
726 2435 874 2514 nullatus.
924 2437 1048 2504 Ibidem
1075 2441 1130 2506 ille
1150 2439 1266 2526 plures
1288 2435 1373 2502 huius
1400 2489 1401 2496 ,

284 2535 424 2602 nominis
444 2536 559 2601 fluvios
579 2541 735 2602 recenset
754 2543 853 2622 atque
873 2538 909 2602 in
921 2539 968 2603 iis
989 2540 1086 2606 etiam
1106 2530 1168 2604 τὸν
1189 2537 1229 2602 ἐν
1253 2529 1294 2624 ’τῇ
1320 2533 1372 2597 νῦν

281 2629 416 2718 Ἠλείᾳ,
446 2653 540 2720 quem
565 2637 663 2700 etiam
691 2636 875 2702 Pausanias
902 2633 972 2730 (v,
993 2641 1033 2725 u,
1052 2631 1106 2728 4.)
1132 2639 1290 2704 nominat:
1307 2627 1372 2723 (cf.

286 2731 405 2801 Dudw.
425 2734 475 2821 Π,
494 2736 533 2822 2,
552 2737 623 2800 alu.
644 2735 756 2802 Muell
777 2734 857 2804 Dor.
877 2737 927 2824 Π,
947 2725 1044 2826 427.)
1071 2726 1371 2824 :Inscriptio-apul

285 2833 429 2920 Aegium
454 2842 587 2922 repertu
617 2839 750 2902 offertur
779 2853 801 2901 a
828 2835 998 2902 Buechhio
1017 2837 1060 2900 in
1079 2835 1235 2922 Inscript.
1257 2830 1329 2898 Vol.
1347 2827 1371 2891 l.

285 2933 329 2998 Ν.
351 2934 442 2998 1542.
483 2933 663 3000 Decretum
687 2933 722 3000 id
748 2936 957 3002 Achaeorum
985 2933 1111 3000 consilii
1137 2931 1184 3008 de,
1208 2923 1369 3020 προξενίᾳ

186 3115 188 3123 Ι
286 3031 428 3120 singulis
459 3039 670 3101 externarum
690 3035 857 3102 cimbatum
877 3031 1059 3102 bominibus
1079 3033 1167 3100 iuter
1187 3026 1240 3098 01ss
1263 3028 1323 3091 125
1340 3025 1368 3087 et

287 3132 365 3219 152,
385 3135 421 3198 ut
441 3128 693 3220 videtur,.data

776 3294 811 3388 ς.
823 3303 883 3394 16.

760 3417 892 3482 Heliou.

368 3532 424 3600 Ab
452 3533 563 3624 Aegio
590 3530 731 3600 deditum
757 3534 934 3600 intervallo
961 3531 1027 3598 XL
1054 3535 1198 3600 remotus
1223 3524 1267 3593 nd
1286 3531 1366 3588 mure

245 3673 256 3692 .
287 3626 387 3718 (inde
419 3629 584 3716 ἀγχίαλος
610 3631 787 3698 Theocrito
814 3629 936 3716 XXV,
964 3632 1036 3694 luta
1057 3628 1189 3716 dictus)
1208 3629 1303 3695 vinus
1321 3617 1366 3682 esi

277 3729 417 3806 Ἠοὶίοο,
444 3725 530 3794 idem
549 3747 631 3797 veru
652 3727 821 3797 duodecim
842 3729 958 3796 stadiis
979 3748 1001 3794 a
1019 3731 1102 3796 mari
1121 3727 1256 3794 dissitus
1276 3717 1365 3788 stra·

208 3840 211 3846 ·
287 3825 374 3894 hune
394 3823 615 3918 (vlumus)
634 3834 740 3920 teste5
759 3827 956 3915 totidemque
975 3829 1078 3896 terme
1098 3847 1141 3895 ex
1157 3818 1365 3907 alterumue

287 3923 331 3990 ab
352 3925 478 4016 Aegis3
498 3927 555 3991 via
574 3933 683 3993 autem
701 3928 849 3994 militaris
869 3927 980 4015 Aegio
1000 3947 1060 4016 per
1072 3927 1234 4015 Aegiram
1254 3919 1364 4001 Sicyo·

287 4041 361 4094 nem
389 4042 473 4110 quae
498 4022 640 4094 ducebat
671 4026 714 4094 ab
730 4025 853 4093 Helice
873 4025 984 4092 XXX
1003 4025 1088 4094 stad.
1109 4022 1273 4093 meridiem
1292 4029 1363 4080 ver·

288 4143 346 4190 sus
376 4122 528 4225 emanat.
554 4121 625 4216 (cr.
647 4123 733 4194 een.
753 4127 775 4191 1.
798 4145 826 4193 e.
839 4150 878 4215 p.
899 4121 972 4218 ru.)
1011 4127 1167 4214 nouem,
1196 4107 1363 4205 rorentis

290 4222 365 4292 oliuu
378 4225 482 4292 urbis
506 4243 641 4314 numen,
669 4227 712 4296 ab
736 4227 831 4296 lune·
845 4226 1009 4298 conditam
1027 4232 1133 4312 »atque
1156 4227 1190 4292 in
1219 4221 1362 4290 bonorem
