<?xml version="1.0" encoding="UTF-8"?>
<!DOCTYPE html PUBLIC "-//W3C//DTD XHTML 1.0 Transitional//EN"
    "http://www.w3.org/TR/xhtml1/DTD/xhtml1-transitional.dtd">
<html xmlns="http://www.w3.org/1999/xhtml" xml:lang="en" lang="en">
 <head>
  <title>
</title>
<meta http-equiv="Content-Type" content="text/html;charset=utf-8" />
  <meta name='ocr-system' content='tesseract 3.04.00' />
  <meta name='ocr-capabilities' content='ocr_page ocr_carea ocr_par ocr_line ocrx_word'/>
</head>
<body>
  <div class='ocr_page' id='page_1' title='image "achaicorumlibri00merlgoog_0082.png"; bbox 0 0 2852 4958; ppageno 0'>
   <div class='ocr_carea' id='block_1_1' title="bbox 351 321 782 404">
    <p class='ocr_par' dir='ltr' id='par_1_1' title="bbox 351 321 782 404">
     <span class='ocr_line' id='line_1_1' title="bbox 351 321 782 404; baseline -0.016 0"><span class='ocrx_word' id='word_1_1' title='bbox 351 321 782 404; x_wconf 80' lang='lat'>.-63-</span> 
     </span>
    </p>
   </div>
   <div class='ocr_carea' id='block_1_2' title="bbox 77 501 1342 3513">
    <p class='ocr_par' dir='ltr' id='par_1_2' title="bbox 79 501 1342 704">
     <span class='ocr_line' id='line_1_2' title="bbox 79 501 1342 602; baseline -0.005 -20"><span class='ocrx_word' id='word_1_2' title='bbox 79 501 286 583; x_wconf 69' lang='lat' dir='ltr'><strong>errorores</strong></span> <span class='ocrx_word' id='word_1_3' title='bbox 305 511 866 600; x_wconf 70' lang='lat' dir='ltr'><strong>sorviuusueonsent(of.1³olyu.</strong></span> <span class='ocrx_word' id='word_1_4' title='bbox 887 511 930 602; x_wconf 77' lang='lat' dir='ltr'><strong>v,</strong></span> <span class='ocrx_word' id='word_1_5' title='bbox 953 516 1004 580; x_wconf 85' lang='lat' dir='ltr'><strong>ro.</strong></span> <span class='ocrx_word' id='word_1_6' title='bbox 1034 513 1106 602; x_wconf 83' lang='lat' dir='ltr'><strong>rx,</strong></span> <span class='ocrx_word' id='word_1_7' title='bbox 1125 517 1178 580; x_wconf 85' lang='lat' dir='ltr'><strong>aa.</strong></span> <span class='ocrx_word' id='word_1_8' title='bbox 1219 557 1222 568; x_wconf 47' lang='lat'><em>2</em></span> <span class='ocrx_word' id='word_1_9' title='bbox 1335 561 1342 576; x_wconf 89' lang='lat'>.</span> 
     </span>
     <span class='ocr_line' id='line_1_3' title="bbox 80 601 1178 704; baseline -0.003 -21"><span class='ocrx_word' id='word_1_10' title='bbox 80 619 131 703; x_wconf 84' lang='lat' dir='ltr'><strong>qui</strong></span> <span class='ocrx_word' id='word_1_11' title='bbox 151 617 218 682; x_wconf 93' lang='lat' dir='ltr'><strong>loci</strong></span> <span class='ocrx_word' id='word_1_12' title='bbox 239 632 348 702; x_wconf 90' lang='lat' dir='ltr'><strong>paene</strong></span> <span class='ocrx_word' id='word_1_13' title='bbox 367 611 521 679; x_wconf 85' lang='lat' dir='ltr'><strong>videntur</strong></span> <span class='ocrx_word' id='word_1_14' title='bbox 541 629 619 678; x_wconf 79' lang='lat' dir='ltr'><strong>ease</strong></span> <span class='ocrx_word' id='word_1_15' title='bbox 640 601 704 678; x_wconf 83' lang='lat' dir='ltr'><strong>aihi</strong></span> <span class='ocrx_word' id='word_1_16' title='bbox 724 613 890 700; x_wconf 69' lang='lat' dir='ltr'><strong>contrarii,</strong></span> <span class='ocrx_word' id='word_1_17' title='bbox 911 609 1024 680; x_wconf 83' lang='lat' dir='ltr'><strong>Strah.</strong></span> <span class='ocrx_word' id='word_1_18' title='bbox 1039 613 1133 704; x_wconf 79' lang='lat' dir='ltr'><strong>vm,</strong></span> <span class='ocrx_word' id='word_1_19' title='bbox 1146 617 1178 680; x_wconf 71' lang='grc'><strong>7.</strong></span> 
     </span>
    </p>

    <p class='ocr_par' dir='ltr' id='par_1_3' title="bbox 78 711 1197 1104">
     <span class='ocr_line' id='line_1_4' title="bbox 78 711 1178 804; baseline 0.004 -23"><span class='ocrx_word' id='word_1_20' title='bbox 78 741 107 804; x_wconf 92' lang='lat' dir='ltr'><strong>p.</strong></span> <span class='ocrx_word' id='word_1_21' title='bbox 128 719 202 781; x_wconf 72' lang='lat'>22⁰.</span> <span class='ocrx_word' id='word_1_22' title='bbox 224 716 306 782; x_wconf 89' lang='lat' dir='ltr'><strong>lust.</strong></span> <span class='ocrx_word' id='word_1_23' title='bbox 327 713 453 800; x_wconf 73' lang='lat' dir='ltr'><strong>vlu),</strong></span> <span class='ocrx_word' id='word_1_24' title='bbox 482 711 606 778; x_wconf 81' lang='lat' dir='ltr'><strong>Graeci</strong></span> <span class='ocrx_word' id='word_1_25' title='bbox 625 713 673 779; x_wconf 86' lang='lat' dir='ltr'><strong>ita</strong></span> <span class='ocrx_word' id='word_1_26' title='bbox 693 711 883 801; x_wconf 80' lang='lat' dir='ltr'><strong>degeneres</strong></span> <span class='ocrx_word' id='word_1_27' title='bbox 904 715 1080 784; x_wconf 86' lang='lat' dir='ltr'><strong>maioribus</strong></span> <span class='ocrx_word' id='word_1_28' title='bbox 1109 719 1178 784; x_wconf 84' lang='lat' dir='ltr'><strong>suis</strong></span> 
     </span>
     <span class='ocr_line' id='line_1_5' title="bbox 78 809 1197 906; baseline 0.006 -26"><span class='ocrx_word' id='word_1_29' title='bbox 78 824 154 884; x_wconf 91' lang='lat' dir='ltr'><strong>sunt</strong></span> <span class='ocrx_word' id='word_1_30' title='bbox 174 817 274 902; x_wconf 79' lang='lat' dir='ltr'><strong>sacti,</strong></span> <span class='ocrx_word' id='word_1_31' title='bbox 302 821 338 881; x_wconf 83' lang='lat' dir='ltr'><strong>ul</strong></span> <span class='ocrx_word' id='word_1_32' title='bbox 357 815 449 881; x_wconf 92' lang='lat' dir='ltr'><strong>nnila</strong></span> <span class='ocrx_word' id='word_1_33' title='bbox 468 812 539 879; x_wconf 88' lang='lat' dir='ltr'><strong>iere</strong></span> <span class='ocrx_word' id='word_1_34' title='bbox 559 809 705 879; x_wconf 79' lang='lat' dir='ltr'><strong>adhrhita</strong></span> <span class='ocrx_word' id='word_1_35' title='bbox 725 831 889 880; x_wconf 87' lang='lat' dir='ltr'><strong>armorum</strong></span> <span class='ocrx_word' id='word_1_36' title='bbox 916 819 966 905; x_wconf 85' lang='lat' dir='ltr'><strong>vi,</strong></span> <span class='ocrx_word' id='word_1_37' title='bbox 995 817 1197 906; x_wconf 78' lang='lat' dir='ltr'><strong>proditione</strong></span> 
     </span>
     <span class='ocr_line' id='line_1_6' title="bbox 78 912 1180 1008; baseline 0.006 -28"><span class='ocrx_word' id='word_1_38' title='bbox 78 917 186 1001; x_wconf 86' lang='lat' dir='ltr'><strong>polius</strong></span> <span class='ocrx_word' id='word_1_39' title='bbox 217 917 319 983; x_wconf 88' lang='lat' dir='ltr'><strong>urbes</strong></span> <span class='ocrx_word' id='word_1_40' title='bbox 349 932 429 980; x_wconf 86' lang='lat' dir='ltr'><strong>suas</strong></span> <span class='ocrx_word' id='word_1_41' title='bbox 456 913 533 1001; x_wconf 87' lang='lat' dir='ltr'><strong>capi</strong></span> <span class='ocrx_word' id='word_1_42' title='bbox 560 917 762 1000; x_wconf 86' lang='lat' dir='ltr'><strong>paterentur.</strong></span> <span class='ocrx_word' id='word_1_43' title='bbox 778 913 805 998; x_wconf 82' lang='lat'><strong>¹)</strong></span> <span class='ocrx_word' id='word_1_44' title='bbox 856 912 1051 985; x_wconf 72' lang='lat' dir='ltr'><strong>constitutis</strong></span> <span class='ocrx_word' id='word_1_45' title='bbox 1076 921 1180 1008; x_wconf 82' lang='lat' dir='ltr'><strong>igitur</strong></span> 
     </span>
     <span class='ocr_line' id='line_1_7' title="bbox 78 1013 1179 1104; baseline 0.005 -24"><span class='ocrx_word' id='word_1_46' title='bbox 78 1017 287 1104; x_wconf 83' lang='lat' dir='ltr'><strong>singularum</strong></span> <span class='ocrx_word' id='word_1_47' title='bbox 307 1016 431 1082; x_wconf 88' lang='lat' dir='ltr'><strong>urhium</strong></span> <span class='ocrx_word' id='word_1_48' title='bbox 450 1015 620 1102; x_wconf 83' lang='lat' dir='ltr'><strong>tyrannis,</strong></span> <span class='ocrx_word' id='word_1_49' title='bbox 647 1013 825 1102; x_wconf 74' lang='lat' dir='ltr'><strong>praelectis</strong></span> <span class='ocrx_word' id='word_1_50' title='bbox 846 1013 1085 1104; x_wconf 80' lang='lat' dir='ltr'><strong>praesidiisque</strong></span> <span class='ocrx_word' id='word_1_51' title='bbox 1106 1025 1179 1086; x_wconf 85' lang='lat' dir='ltr'><strong>sta-</strong></span> 
     </span>
    </p>

    <p class='ocr_par' dir='ltr' id='par_1_4' title="bbox 78 1109 1179 1208">
     <span class='ocr_line' id='line_1_8' title="bbox 78 1109 1179 1208; baseline 0.004 -26"><span class='ocrx_word' id='word_1_52' title='bbox 78 1119 133 1182; x_wconf 83' lang='lat' dir='ltr'><strong>tim</strong></span> <span class='ocrx_word' id='word_1_53' title='bbox 165 1122 244 1204; x_wconf 83' lang='lat' dir='ltr'><strong>post</strong></span> <span class='ocrx_word' id='word_1_54' title='bbox 273 1134 419 1205; x_wconf 81' lang='lat' dir='ltr'><strong>pugnam</strong></span> <span class='ocrx_word' id='word_1_55' title='bbox 450 1112 494 1179; x_wconf 87' lang='lat' dir='ltr'><strong>ad</strong></span> <span class='ocrx_word' id='word_1_56' title='bbox 523 1109 753 1181; x_wconf 73' lang='lat' dir='ltr'><strong>Chaeroneam</strong></span> <span class='ocrx_word' id='word_1_57' title='bbox 782 1116 988 1182; x_wconf 86' lang='lat' dir='ltr'><strong>commissam</strong></span> <span class='ocrx_word' id='word_1_58' title='bbox 1017 1117 1130 1203; x_wconf 83' lang='lat' dir='ltr'><strong>(Pons.</strong></span> <span class='ocrx_word' id='word_1_59' title='bbox 1150 1121 1179 1208; x_wconf 81' lang='grc' dir='ltr'><strong>Ι,</strong></span> 
     </span>
    </p>

    <p class='ocr_par' dir='ltr' id='par_1_5' title="bbox 77 1211 1180 1303">
     <span class='ocr_line' id='line_1_9' title="bbox 77 1211 1180 1303; baseline 0.006 -23"><span class='ocrx_word' id='word_1_60' title='bbox 77 1219 128 1302; x_wconf 53' lang='grc' dir='ltr'><em>η</em></span> <span class='ocrx_word' id='word_1_61' title='bbox 149 1217 213 1303; x_wconf 72' lang='grc'><strong>8.),</strong></span> <span class='ocrx_word' id='word_1_62' title='bbox 235 1233 321 1302; x_wconf 86' lang='lat' dir='ltr'><strong>qnae</strong></span> <span class='ocrx_word' id='word_1_63' title='bbox 340 1216 520 1281; x_wconf 87' lang='lat' dir='ltr'><strong>universae</strong></span> <span class='ocrx_word' id='word_1_64' title='bbox 541 1211 707 1281; x_wconf 81' lang='lat' dir='ltr'><strong>Graeciae</strong></span> <span class='ocrx_word' id='word_1_65' title='bbox 728 1219 763 1281; x_wconf 89' lang='lat' dir='ltr'><strong>et</strong></span> <span class='ocrx_word' id='word_1_66' title='bbox 781 1214 924 1303; x_wconf 80' lang='lat' dir='ltr'><strong>gloriam</strong></span> <span class='ocrx_word' id='word_1_67' title='bbox 952 1215 1180 1287; x_wconf 86' lang='lat' dir='ltr'><strong>dominationis</strong></span> 
     </span>
    </p>

    <p class='ocr_par' dir='ltr' id='par_1_6' title="bbox 78 1313 1203 1506">
     <span class='ocr_line' id='line_1_10' title="bbox 78 1313 1203 1405; baseline 0.004 -23"><span class='ocrx_word' id='word_1_68' title='bbox 78 1325 111 1382; x_wconf 89' lang='lat' dir='ltr'><strong>et</strong></span> <span class='ocrx_word' id='word_1_69' title='bbox 132 1318 394 1384; x_wconf 83' lang='lat' dir='ltr'><strong>vetustissimam</strong></span> <span class='ocrx_word' id='word_1_70' title='bbox 414 1315 602 1382; x_wconf 77' lang='lat' dir='ltr'><strong>libertatem</strong></span> <span class='ocrx_word' id='word_1_71' title='bbox 630 1313 734 1382; x_wconf 80' lang='lat' dir='ltr'><strong>finivit</strong></span> <span class='ocrx_word' id='word_1_72' title='bbox 762 1316 857 1399; x_wconf 86' lang='lat' dir='ltr'><strong>(lust.</strong></span> <span class='ocrx_word' id='word_1_73' title='bbox 878 1315 947 1404; x_wconf 82' lang='lat' dir='ltr'><strong>IX,</strong></span> <span class='ocrx_word' id='word_1_74' title='bbox 968 1317 1029 1405; x_wconf 75' lang='grc'><strong>8.),</strong></span> <span class='ocrx_word' id='word_1_75' title='bbox 1057 1325 1203 1386; x_wconf 61' lang='grc' dir='ltr'><strong>ἐυποίη-</strong></span> 
     </span>
     <span class='ocr_line' id='line_1_11' title="bbox 78 1411 1181 1506; baseline 0.004 -24"><span class='ocrx_word' id='word_1_76' title='bbox 78 1411 225 1484; x_wconf 83' lang='lat' dir='ltr'><strong>Graecia</strong></span> <span class='ocrx_word' id='word_1_77' title='bbox 252 1414 472 1483; x_wconf 85' lang='lat' dir='ltr'><strong>hlacedonurn</strong></span> <span class='ocrx_word' id='word_1_78' title='bbox 499 1413 667 1482; x_wconf 78' lang='lat' dir='ltr'><strong>dominatu</strong></span> <span class='ocrx_word' id='word_1_79' title='bbox 693 1418 855 1482; x_wconf 78' lang='lat' dir='ltr'><strong>acerrime</strong></span> <span class='ocrx_word' id='word_1_80' title='bbox 880 1417 1055 1484; x_wconf 81' lang='lat' dir='ltr'><strong>tenebatur</strong></span> <span class='ocrx_word' id='word_1_81' title='bbox 1076 1437 1181 1506; x_wconf 84' lang='lat' dir='ltr'><strong>usque</strong></span> 
     </span>
    </p>

    <p class='ocr_par' dir='ltr' id='par_1_7' title="bbox 77 1513 1181 1989">
     <span class='ocr_line' id='line_1_12' title="bbox 77 1513 1181 1608; baseline 0.005 -27"><span class='ocrx_word' id='word_1_82' title='bbox 77 1515 118 1581; x_wconf 83' lang='lat' dir='ltr'><strong>ad</strong></span> <span class='ocrx_word' id='word_1_83' title='bbox 153 1514 342 1582; x_wconf 71' lang='lat' dir='ltr'><strong>Alexandri</strong></span> <span class='ocrx_word' id='word_1_84' title='bbox 370 1513 416 1586; x_wconf 76' lang='lat' dir='ltr'><strong>hl.</strong></span> <span class='ocrx_word' id='word_1_85' title='bbox 447 1523 614 1603; x_wconf 75' lang='lat' dir='ltr'><strong>rompono,</strong></span> <span class='ocrx_word' id='word_1_86' title='bbox 650 1517 712 1601; x_wconf 84' lang='lat' dir='ltr'><strong>qni</strong></span> <span class='ocrx_word' id='word_1_87' title='bbox 744 1513 961 1590; x_wconf 76' lang='lat' dir='ltr'><strong>admiratione</strong></span> <span class='ocrx_word' id='word_1_88' title='bbox 992 1534 1181 1608; x_wconf 78' lang='lat' dir='ltr'><strong>magnoque</strong></span> 
     </span>
     <span class='ocr_line' id='line_1_13' title="bbox 78 1615 1181 1710; baseline 0.006 -28"><span class='ocrx_word' id='word_1_89' title='bbox 78 1615 286 1682; x_wconf 76' lang='lat' dir='ltr'><strong>Graecorum</strong></span> <span class='ocrx_word' id='word_1_90' title='bbox 307 1627 419 1682; x_wconf 83' lang='lat' dir='ltr'><strong>amore</strong></span> <span class='ocrx_word' id='word_1_91' title='bbox 441 1621 619 1682; x_wconf 78' lang='lat' dir='ltr'><strong>mmmoms</strong></span> <span class='ocrx_word' id='word_1_92' title='bbox 638 1621 854 1703; x_wconf 83' lang='lat' dir='ltr'><strong>tyrannorum</strong></span> <span class='ocrx_word' id='word_1_93' title='bbox 869 1619 1002 1708; x_wconf 89' lang='lat' dir='ltr'><strong>imperio</strong></span> <span class='ocrx_word' id='word_1_94' title='bbox 1013 1620 1181 1710; x_wconf 79' lang='lat' dir='ltr'><strong>abrogato</strong></span> 
     </span>
     <span class='ocr_line' id='line_1_14' title="bbox 78 1714 1181 1804; baseline 0.006 -24"><span class='ocrx_word' id='word_1_95' title='bbox 78 1715 223 1804; x_wconf 81' lang='lat' dir='ltr'><strong>singuiis</strong></span> <span class='ocrx_word' id='word_1_96' title='bbox 243 1715 379 1781; x_wconf 77' lang='lat' dir='ltr'><strong>urbibus</strong></span> <span class='ocrx_word' id='word_1_97' title='bbox 400 1714 586 1782; x_wconf 63' lang='lat' dir='ltr'><strong>libertatem</strong></span> <span class='ocrx_word' id='word_1_98' title='bbox 606 1717 767 1803; x_wconf 71' lang='lat' dir='ltr'><strong>roseum,</strong></span> <span class='ocrx_word' id='word_1_99' title='bbox 788 1735 851 1802; x_wconf 81' lang='lat' dir='ltr'><strong>quo</strong></span> <span class='ocrx_word' id='word_1_100' title='bbox 868 1719 963 1784; x_wconf 87' lang='lat' dir='ltr'><strong>simul</strong></span> <span class='ocrx_word' id='word_1_101' title='bbox 977 1719 1181 1794; x_wconf 79' lang='lat' dir='ltr'><strong>Graecorum</strong></span> 
     </span>
     <span class='ocr_line' id='line_1_15' title="bbox 78 1808 1181 1989; baseline 0.009 -10"><span class='ocrx_word' id='word_1_102' title='bbox 78 1808 1181 1989; x_wconf 75' lang='lat' dir='ltr'><strong>merimu-</strong></span> 
     </span>
    </p>

    <p class='ocr_par' dir='ltr' id='par_1_8' title="bbox 79 2009 1181 2106">
     <span class='ocr_line' id='line_1_16' title="bbox 79 2009 1181 2106; baseline 0.009 -26"><span class='ocrx_word' id='word_1_103' title='bbox 79 2041 108 2106; x_wconf 90' lang='lat' dir='ltr'><strong>p.</strong></span> <span class='ocrx_word' id='word_1_104' title='bbox 130 2017 184 2080; x_wconf 79' lang='lat' dir='ltr'><strong>ol.</strong></span> <span class='ocrx_word' id='word_1_105' title='bbox 205 2014 242 2082; x_wconf 77' lang='lat' dir='ltr'><strong>el</strong></span> <span class='ocrx_word' id='word_1_106' title='bbox 261 2015 385 2082; x_wconf 78' lang='lat' dir='ltr'><strong>llathe</strong></span> <span class='ocrx_word' id='word_1_107' title='bbox 406 2015 530 2082; x_wconf 78' lang='lat' dir='ltr'><strong>(lesch.</strong></span> <span class='ocrx_word' id='word_1_108' title='bbox 550 2014 681 2084; x_wconf 83' lang='lat' dir='ltr'><strong>Maced.</strong></span> <span class='ocrx_word' id='word_1_109' title='bbox 703 2023 767 2082; x_wconf 83' lang='lat' dir='ltr'><strong>cet.</strong></span> <span class='ocrx_word' id='word_1_110' title='bbox 789 2017 828 2081; x_wconf 72' lang='lat'><strong>¹1¹.</strong></span> <span class='ocrx_word' id='word_1_111' title='bbox 848 2009 892 2102; x_wconf 86' lang='lat' dir='ltr'><strong>l.)</strong></span> <span class='ocrx_word' id='word_1_112' title='bbox 932 2019 1074 2106; x_wconf 74' lang='lat' dir='ltr'><strong>Pugnae</strong></span> <span class='ocrx_word' id='word_1_113' title='bbox 1097 2041 1181 2090; x_wconf 84' lang='lat' dir='ltr'><strong>vero</strong></span> 
     </span>
    </p>

    <p class='ocr_par' dir='ltr' id='par_1_9' title="bbox 79 2113 1180 2312">
     <span class='ocr_line' id='line_1_17' title="bbox 80 2113 1180 2206; baseline 0.005 -23"><span class='ocrx_word' id='word_1_114' title='bbox 80 2116 121 2183; x_wconf 86' lang='lat' dir='ltr'><strong>ad</strong></span> <span class='ocrx_word' id='word_1_115' title='bbox 131 2115 365 2185; x_wconf 74' lang='lat' dir='ltr'><strong>Chaeroneam</strong></span> <span class='ocrx_word' id='word_1_116' title='bbox 375 2116 575 2182; x_wconf 80' lang='lat' dir='ltr'><strong>commissae</strong></span> <span class='ocrx_word' id='word_1_117' title='bbox 585 2113 715 2182; x_wconf 82' lang='lat' dir='ltr'><strong>Achaei</strong></span> <span class='ocrx_word' id='word_1_118' title='bbox 728 2118 827 2182; x_wconf 85' lang='lat' dir='ltr'><strong>etiam</strong></span> <span class='ocrx_word' id='word_1_119' title='bbox 841 2118 1057 2186; x_wconf 76' lang='lat' dir='ltr'><strong>interfuerunt</strong></span> <span class='ocrx_word' id='word_1_120' title='bbox 1067 2121 1180 2206; x_wconf 83' lang='lat' dir='ltr'><strong>(Pons.</strong></span> 
     </span>
     <span class='ocr_line' id='line_1_18' title="bbox 79 2213 1180 2312; baseline 0.003 -27"><span class='ocrx_word' id='word_1_121' title='bbox 79 2213 161 2305; x_wconf 74' lang='lat' dir='ltr'><strong>vll,</strong></span> <span class='ocrx_word' id='word_1_122' title='bbox 176 2217 273 2306; x_wconf 67' lang='grc'><strong>,6,8.</strong></span> <span class='ocrx_word' id='word_1_123' title='bbox 303 2217 378 2284; x_wconf 84' lang='lat' dir='ltr'><strong>coll.</strong></span> <span class='ocrx_word' id='word_1_124' title='bbox 398 2215 465 2303; x_wconf 59' lang='lat' dir='ltr'><strong>Vl»,</strong></span> <span class='ocrx_word' id='word_1_125' title='bbox 486 2220 517 2281; x_wconf 78' lang='lat'><strong>4.</strong></span> <span class='ocrx_word' id='word_1_126' title='bbox 546 2217 628 2282; x_wconf 77' lang='lat' dir='ltr'><strong>inst.</strong></span> <span class='ocrx_word' id='word_1_127' title='bbox 653 2215 750 2303; x_wconf 79' lang='lat' dir='ltr'><strong>vm,</strong></span> <span class='ocrx_word' id='word_1_128' title='bbox 769 2219 801 2280; x_wconf 82' lang='lat'><strong>4.</strong></span> <span class='ocrx_word' id='word_1_129' title='bbox 828 2215 1000 2286; x_wconf 85' lang='lat' dir='ltr'><strong>Demosth.</strong></span> <span class='ocrx_word' id='word_1_130' title='bbox 1022 2233 1060 2286; x_wconf 83' lang='grc' dir='ltr'><strong>π.</strong></span> <span class='ocrx_word' id='word_1_131' title='bbox 1083 2241 1180 2312; x_wconf 70' lang='lat' dir='ltr'><strong>orep.</strong></span> 
     </span>
    </p>

    <p class='ocr_par' dir='ltr' id='par_1_10' title="bbox 78 2313 1299 3214">
     <span class='ocr_line' id='line_1_19' title="bbox 78 2313 1180 2408; baseline 0.005 -25"><span class='ocrx_word' id='word_1_132' title='bbox 78 2343 110 2408; x_wconf 92' lang='lat' dir='ltr'><strong>p.</strong></span> <span class='ocrx_word' id='word_1_133' title='bbox 131 2322 204 2384; x_wconf 76' lang='lat' dir='ltr'><strong>m.</strong></span> <span class='ocrx_word' id='word_1_134' title='bbox 225 2316 323 2385; x_wconf 75' lang='lat' dir='ltr'><strong>lliod.</strong></span> <span class='ocrx_word' id='word_1_135' title='bbox 343 2314 415 2383; x_wconf 77' lang='lat' dir='ltr'><strong>Sic.</strong></span> <span class='ocrx_word' id='word_1_136' title='bbox 431 2314 534 2404; x_wconf 79' lang='lat' dir='ltr'>XVI,</span> <span class='ocrx_word' id='word_1_137' title='bbox 546 2317 598 2381; x_wconf 67' lang='lat' dir='ltr'><strong>w.</strong></span> <span class='ocrx_word' id='word_1_138' title='bbox 620 2317 676 2402; x_wconf 88' lang='lat' dir='ltr'><strong>qui</strong></span> <span class='ocrx_word' id='word_1_139' title='bbox 687 2313 891 2384; x_wconf 74' lang='lat' dir='ltr'><strong>elumolium</strong></span> <span class='ocrx_word' id='word_1_140' title='bbox 904 2320 1070 2408; x_wconf 80' lang='lat' dir='ltr'><strong>Eretriae,</strong></span> <span class='ocrx_word' id='word_1_141' title='bbox 1088 2317 1180 2390; x_wconf 78' lang='lat' dir='ltr'><strong>&#39;Oreo</strong></span> 
     </span>
     <span class='ocr_line' id='line_1_20' title="bbox 79 2415 1180 2507; baseline 0.002 -21"><span class='ocrx_word' id='word_1_142' title='bbox 79 2415 283 2486; x_wconf 82' lang='lat' dir='ltr'><strong>Philistidem</strong></span> <span class='ocrx_word' id='word_1_143' title='bbox 302 2424 466 2504; x_wconf 78' lang='lat' dir='ltr'><strong>iyraurms</strong></span> <span class='ocrx_word' id='word_1_144' title='bbox 486 2417 656 2504; x_wconf 85' lang='lat' dir='ltr'><strong>impositos</strong></span> <span class='ocrx_word' id='word_1_145' title='bbox 676 2416 824 2504; x_wconf 80' lang='lat' dir='ltr'><strong>refert),&#39;</strong></span> <span class='ocrx_word' id='word_1_146' title='bbox 843 2420 897 2505; x_wconf 83' lang='lat' dir='ltr'><strong>qui</strong></span> <span class='ocrx_word' id='word_1_147' title='bbox 916 2425 1089 2507; x_wconf 83' lang='lat' dir='ltr'><strong>postquam</strong></span> <span class='ocrx_word' id='word_1_148' title='bbox 1110 2422 1180 2488; x_wconf 81' lang='lat' dir='ltr'><strong>ira·</strong></span> 
     </span>
     <span class='ocr_line' id='line_1_21' title="bbox 82 2515 1299 2606; baseline 0.002 -20"><span class='ocrx_word' id='word_1_149' title='bbox 82 2527 156 2586; x_wconf 85' lang='lat' dir='ltr'><strong>ctae</strong></span> <span class='ocrx_word' id='word_1_150' title='bbox 176 2524 255 2585; x_wconf 84' lang='lat' dir='ltr'><strong>sunt</strong></span> <span class='ocrx_word' id='word_1_151' title='bbox 268 2515 604 2584; x_wconf 73' lang='lat' dir='ltr'><strong>Lacedaemoniorum</strong></span> <span class='ocrx_word' id='word_1_152' title='bbox 617 2519 725 2606; x_wconf 79' lang='lat' dir='ltr'><strong>vires,</strong></span> <span class='ocrx_word' id='word_1_153' title='bbox 747 2516 901 2584; x_wconf 86' lang='lat' dir='ltr'><strong>Arcades</strong></span> <span class='ocrx_word' id='word_1_154' title='bbox 916 2525 1024 2587; x_wconf 85' lang='lat' dir='ltr'><strong>autem</strong></span> <span class='ocrx_word' id='word_1_155' title='bbox 1039 2527 1073 2587; x_wconf 86' lang='lat' dir='ltr'><strong>et</strong></span> <span class='ocrx_word' id='word_1_156' title='bbox 1086 2522 1181 2591; x_wconf 85' lang='lat' dir='ltr'><strong>Mes-</strong></span> <span class='ocrx_word' id='word_1_157' title='bbox 1296 2525 1299 2532; x_wconf 89' lang='lat'>&#39;</span> 
     </span>
     <span class='ocr_line' id='line_1_22' title="bbox 82 2619 1182 2707; baseline 0.001 -20"><span class='ocrx_word' id='word_1_158' title='bbox 82 2622 163 2687; x_wconf 86' lang='lat' dir='ltr'><strong>senii</strong></span> <span class='ocrx_word' id='word_1_159' title='bbox 191 2626 311 2700; x_wconf 77' lang='lat' dir='ltr'><strong>contra</strong></span> <span class='ocrx_word' id='word_1_160' title='bbox 338 2631 398 2686; x_wconf 84' lang='lat' dir='ltr'><strong>eos</strong></span> <span class='ocrx_word' id='word_1_161' title='bbox 430 2635 523 2684; x_wconf 84' lang='lat' dir='ltr'><strong>arma</strong></span> <span class='ocrx_word' id='word_1_162' title='bbox 549 2631 690 2707; x_wconf 85' lang='lat' dir='ltr'><strong>cepere,</strong></span> <span class='ocrx_word' id='word_1_163' title='bbox 721 2619 872 2685; x_wconf 66' lang='lat' dir='ltr'><strong>Threboni</strong></span> <span class='ocrx_word' id='word_1_164' title='bbox 902 2619 1182 2689; x_wconf 85' lang='lat' dir='ltr'><strong>allacedonihus</strong></span> 
     </span>
     <span class='ocr_line' id='line_1_23' title="bbox 83 2717 1181 2809; baseline -0.001 -19"><span class='ocrx_word' id='word_1_165' title='bbox 83 2722 219 2809; x_wconf 75' lang='lat' dir='ltr'><strong>device,</strong></span> <span class='ocrx_word' id='word_1_166' title='bbox 240 2720 465 2787; x_wconf 80' lang='lat' dir='ltr'><strong>Athenienses</strong></span> <span class='ocrx_word' id='word_1_167' title='bbox 485 2717 661 2806; x_wconf 66' lang='lat' dir='ltr'><strong>debilitati,</strong></span> <span class='ocrx_word' id='word_1_168' title='bbox 681 2719 760 2786; x_wconf 86' lang='lat' dir='ltr'><strong>nihil</strong></span> <span class='ocrx_word' id='word_1_169' title='bbox 780 2719 815 2786; x_wconf 87' lang='lat' dir='ltr'><strong>in</strong></span> <span class='ocrx_word' id='word_1_170' title='bbox 835 2735 1005 2787; x_wconf 88' lang='lat' dir='ltr'><strong>commune</strong></span> <span class='ocrx_word' id='word_1_171' title='bbox 1023 2724 1181 2789; x_wconf 88' lang='lat' dir='ltr'><strong>consule-</strong></span> 
     </span>
     <span class='ocr_line' id='line_1_24' title="bbox 85 2819 1251 2910; baseline 0.001 -22"><span class='ocrx_word' id='word_1_172' title='bbox 85 2821 196 2909; x_wconf 68' lang='lat' dir='ltr'><strong>batur,</strong></span> <span class='ocrx_word' id='word_1_173' title='bbox 213 2819 372 2886; x_wconf 74' lang='lat' dir='ltr'><strong>dinemo</strong></span> <span class='ocrx_word' id='word_1_174' title='bbox 391 2837 476 2908; x_wconf 82' lang='lat' dir='ltr'><strong>poce</strong></span> <span class='ocrx_word' id='word_1_175' title='bbox 490 2825 524 2886; x_wconf 84' lang='lat' dir='ltr'><strong>et</strong></span> <span class='ocrx_word' id='word_1_176' title='bbox 536 2819 886 2907; x_wconf 80' lang='lat' dir='ltr'><strong>libertate-praeter</strong></span> <span class='ocrx_word' id='word_1_177' title='bbox 899 2821 1075 2910; x_wconf 79' lang='lat' dir='ltr'><strong>Pellenen,</strong></span> <span class='ocrx_word' id='word_1_178' title='bbox 1091 2839 1182 2910; x_wconf 76' lang='lat' dir='ltr'><strong>quae</strong></span> <span class='ocrx_word' id='word_1_179' title='bbox 1246 2844 1251 2854; x_wconf 58' lang='grc'><em>’</em></span> 
     </span>
     <span class='ocr_line' id='line_1_25' title="bbox 84 2919 1181 3010; baseline 0.005 -24"><span class='ocrx_word' id='word_1_180' title='bbox 84 2927 148 2986; x_wconf 85' lang='lat' dir='ltr'><strong>tnrn</strong></span> <span class='ocrx_word' id='word_1_181' title='bbox 163 2921 279 2989; x_wconf 80' lang='lat' dir='ltr'><strong>adhuc</strong></span> <span class='ocrx_word' id='word_1_182' title='bbox 293 2921 361 2987; x_wconf 81' lang='lat' dir='ltr'><strong>snb</strong></span> <span class='ocrx_word' id='word_1_183' title='bbox 381 2925 525 3008; x_wconf 53' lang='lat' dir='ltr'><strong>anenno</strong></span> <span class='ocrx_word' id='word_1_184' title='bbox 546 2919 722 2988; x_wconf 80' lang='lat' dir='ltr'><strong>Chaerone</strong></span> <span class='ocrx_word' id='word_1_185' title='bbox 738 2921 856 3002; x_wconf 71' lang='lat' dir='ltr'><strong>(Pauo.</strong></span> <span class='ocrx_word' id='word_1_186' title='bbox 872 2921 953 3010; x_wconf 82' lang='lat' dir='ltr'><strong>vu,</strong></span> <span class='ocrx_word' id='word_1_187' title='bbox 966 2925 1034 3010; x_wconf 61' lang='grc' dir='ltr'><strong>ἥ.)</strong></span> <span class='ocrx_word' id='word_1_188' title='bbox 1051 2929 1126 2990; x_wconf 87' lang='lat' dir='ltr'><strong>erat</strong></span> <span class='ocrx_word' id='word_1_189' title='bbox 1138 2961 1181 2974; x_wconf 89' lang='lat'><em>-</em></span> 
     </span>
     <span class='ocr_line' id='line_1_26' title="bbox 84 3017 1182 3108; baseline 0.005 -21"><span class='ocrx_word' id='word_1_190' title='bbox 84 3021 205 3089; x_wconf 83' lang='lat' dir='ltr'><strong>viribus</strong></span> <span class='ocrx_word' id='word_1_191' title='bbox 235 3019 281 3086; x_wconf 85' lang='lat' dir='ltr'><strong>nd</strong></span> <span class='ocrx_word' id='word_1_192' title='bbox 306 3017 491 3086; x_wconf 75' lang='lat' dir='ltr'><strong>audendum</strong></span> <span class='ocrx_word' id='word_1_193' title='bbox 515 3021 716 3108; x_wconf 83' lang='lat' dir='ltr'><strong>comparatis</strong></span> <span class='ocrx_word' id='word_1_194' title='bbox 737 3022 845 3106; x_wconf 87' lang='lat' dir='ltr'><strong>aliquo</strong></span> <span class='ocrx_word' id='word_1_195' title='bbox 865 3022 980 3090; x_wconf 83' lang='lat' dir='ltr'><strong>haberi</strong></span> <span class='ocrx_word' id='word_1_196' title='bbox 999 3025 1036 3091; x_wconf 95' lang='lat' dir='ltr'><strong>in</strong></span> <span class='ocrx_word' id='word_1_197' title='bbox 1055 3024 1182 3092; x_wconf 90' lang='lat' dir='ltr'><strong>honore</strong></span> 
     </span>
     <span class='ocr_line' id='line_1_27' title="bbox 86 3123 1182 3214; baseline 0.005 -28"><span class='ocrx_word' id='word_1_198' title='bbox 86 3128 280 3214; x_wconf 78' lang='lat' dir='ltr'><strong>coepernnt3</strong></span> <span class='ocrx_word' id='word_1_199' title='bbox 301 3139 439 3208; x_wconf 89' lang='lat' dir='ltr'><strong>eumque</strong></span> <span class='ocrx_word' id='word_1_200' title='bbox 459 3128 571 3188; x_wconf 86' lang='lat' dir='ltr'><strong>tamen</strong></span> <span class='ocrx_word' id='word_1_201' title='bbox 592 3123 697 3208; x_wconf 84' lang='lat' dir='ltr'><strong>ipsam</strong></span> <span class='ocrx_word' id='word_1_202' title='bbox 711 3124 889 3207; x_wconf 78' lang='lat' dir='ltr'><strong>potentiam</strong></span> <span class='ocrx_word' id='word_1_203' title='bbox 899 3123 1103 3191; x_wconf 81' lang='lat' dir='ltr'><strong>Macedones</strong></span> <span class='ocrx_word' id='word_1_204' title='bbox 1117 3127 1182 3190; x_wconf 88' lang='lat' dir='ltr'><strong>ini·</strong></span> 
     </span>
    </p>

    <p class='ocr_par' dir='ltr' id='par_1_11' title="bbox 85 3219 1267 3513">
     <span class='ocr_line' id='line_1_28' title="bbox 85 3219 1267 3312; baseline 0 -22"><span class='ocrx_word' id='word_1_205' title='bbox 85 3241 144 3309; x_wconf 76' lang='lat' dir='ltr'><strong>one</strong></span> <span class='ocrx_word' id='word_1_206' title='bbox 170 3224 281 3310; x_wconf 82' lang='lat' dir='ltr'><strong>ferre,</strong></span> <span class='ocrx_word' id='word_1_207' title='bbox 310 3241 462 3310; x_wconf 86' lang='lat' dir='ltr'><strong>premere</strong></span> <span class='ocrx_word' id='word_1_208' title='bbox 482 3219 602 3289; x_wconf 82' lang='lat' dir='ltr'><strong>deinde</strong></span> <span class='ocrx_word' id='word_1_209' title='bbox 621 3219 795 3312; x_wconf 83' lang='lat' dir='ltr'><strong>Achaeos,</strong></span> <span class='ocrx_word' id='word_1_210' title='bbox 816 3220 923 3291; x_wconf 93' lang='lat' dir='ltr'><strong>donec</strong></span> <span class='ocrx_word' id='word_1_211' title='bbox 942 3223 1087 3292; x_wconf 84' lang='lat' dir='ltr'><strong>diversis</strong></span> <span class='ocrx_word' id='word_1_212' title='bbox 1108 3233 1182 3292; x_wconf 85' lang='lat' dir='ltr'><strong>stu·</strong></span> <span class='ocrx_word' id='word_1_213' title='bbox 1263 3269 1267 3279; x_wconf 82' lang='lat'><strong>·</strong></span> 
     </span>
     <span class='ocr_line' id='line_1_29' title="bbox 85 3319 1182 3412; baseline 0 -21"><span class='ocrx_word' id='word_1_214' title='bbox 85 3321 142 3390; x_wconf 62' lang='lat' dir='ltr'><strong>dm</strong></span> <span class='ocrx_word' id='word_1_215' title='bbox 154 3325 305 3412; x_wconf 81' lang='lat' dir='ltr'><strong>partium</strong></span> <span class='ocrx_word' id='word_1_216' title='bbox 326 3321 453 3389; x_wconf 76' lang='lat' dir='ltr'><strong>annuos</strong></span> <span class='ocrx_word' id='word_1_217' title='bbox 473 3321 582 3410; x_wconf 92' lang='lat' dir='ltr'><strong>populi</strong></span> <span class='ocrx_word' id='word_1_218' title='bbox 600 3319 838 3409; x_wconf 74' lang='lat' dir='ltr'><strong>insonarent,</strong></span> <span class='ocrx_word' id='word_1_219' title='bbox 862 3330 901 3389; x_wconf 91' lang='lat' dir='ltr'><strong>ut</strong></span> <span class='ocrx_word' id='word_1_220' title='bbox 920 3324 1008 3391; x_wconf 87' lang='lat' dir='ltr'><strong>aliae</strong></span> <span class='ocrx_word' id='word_1_221' title='bbox 1028 3325 1182 3392; x_wconf 86' lang='lat' dir='ltr'><strong>civitates</strong></span> 
     </span>
     <span class='ocr_line' id='line_1_30' title="bbox 85 3419 1011 3513; baseline -0.001 -23"><span class='ocrx_word' id='word_1_222' title='bbox 85 3431 263 3513; x_wconf 81' lang='lat' dir='ltr'><strong>tyrannos,</strong></span> <span class='ocrx_word' id='word_1_223' title='bbox 284 3423 370 3490; x_wconf 85' lang='lat' dir='ltr'><strong>aliae</strong></span> <span class='ocrx_word' id='word_1_224' title='bbox 388 3419 557 3510; x_wconf 86' lang='lat' dir='ltr'><strong>praesidia</strong></span> <span class='ocrx_word' id='word_1_225' title='bbox 577 3419 795 3488; x_wconf 79' lang='lat' dir='ltr'><strong>Macedonica</strong></span> <span class='ocrx_word' id='word_1_226' title='bbox 815 3423 1011 3512; x_wconf 74' lang='lat' dir='ltr'><strong>reciperent.</strong></span> 
     </span>
    </p>
   </div>
   <div class='ocr_carea' id='block_1_3' title="bbox 86 3555 1295 3946">
    <p class='ocr_par' dir='ltr' id='par_1_12' title="bbox 86 3555 1295 3946">
     <span class='ocr_line' id='line_1_31' title="bbox 162 3555 1202 3648; baseline 0.005 -21"><span class='ocrx_word' id='word_1_227' title='bbox 162 3555 246 3627; x_wconf 84' lang='lat' dir='ltr'><strong>llox</strong></span> <span class='ocrx_word' id='word_1_228' title='bbox 266 3577 356 3626; x_wconf 85' lang='lat' dir='ltr'><strong>nova</strong></span> <span class='ocrx_word' id='word_1_229' title='bbox 374 3557 688 3648; x_wconf 86' lang='lat' dir='ltr'><strong>Peloponnesiorum</strong></span> <span class='ocrx_word' id='word_1_230' title='bbox 708 3559 855 3647; x_wconf 87' lang='lat' dir='ltr'><strong>sequitur</strong></span> <span class='ocrx_word' id='word_1_231' title='bbox 876 3558 990 3627; x_wconf 88' lang='lat' dir='ltr'><strong>clades</strong></span> <span class='ocrx_word' id='word_1_232' title='bbox 1017 3557 1060 3628; x_wconf 87' lang='lat' dir='ltr'><strong>ab</strong></span> <span class='ocrx_word' id='word_1_233' title='bbox 1080 3560 1202 3632; x_wconf 68' lang='lat' dir='ltr'><strong>Anti-⁴</strong></span> 
     </span>
     <span class='ocr_line' id='line_1_32' title="bbox 86 3655 1181 3750; baseline 0.002 -26"><span class='ocrx_word' id='word_1_234' title='bbox 86 3663 179 3745; x_wconf 88' lang='lat' dir='ltr'><strong>patro</strong></span> <span class='ocrx_word' id='word_1_235' title='bbox 200 3655 245 3724; x_wconf 83' lang='lat' dir='ltr'><strong>ad</strong></span> <span class='ocrx_word' id='word_1_236' title='bbox 264 3658 492 3748; x_wconf 81' lang='lat' dir='ltr'><strong>Megalopoiin</strong></span> <span class='ocrx_word' id='word_1_237' title='bbox 512 3657 622 3746; x_wconf 84' lang='lat' dir='ltr'><strong>illata,</strong></span> <span class='ocrx_word' id='word_1_238' title='bbox 644 3677 709 3746; x_wconf 83' lang='lat' dir='ltr'><strong>qua</strong></span> <span class='ocrx_word' id='word_1_239' title='bbox 729 3659 898 3750; x_wconf 78' lang='lat' dir='ltr'><strong>inpugna</strong></span> <span class='ocrx_word' id='word_1_240' title='bbox 918 3661 1007 3750; x_wconf 78' lang='lat' dir='ltr'><strong>Agis</strong></span> <span class='ocrx_word' id='word_1_241' title='bbox 1028 3659 1090 3749; x_wconf 84' lang='lat' dir='ltr'><strong>lI.,</strong></span> <span class='ocrx_word' id='word_1_242' title='bbox 1112 3661 1181 3726; x_wconf 87' lang='lat' dir='ltr'><strong>Ar-</strong></span> 
     </span>
     <span class='ocr_line' id='line_1_33' title="bbox 87 3753 1295 3854; baseline 0.003 -31"><span class='ocrx_word' id='word_1_243' title='bbox 87 3757 222 3826; x_wconf 87' lang='lat' dir='ltr'><strong>chidami</strong></span> <span class='ocrx_word' id='word_1_244' title='bbox 249 3753 312 3826; x_wconf 90' lang='lat' dir='ltr'><strong>III.</strong></span> <span class='ocrx_word' id='word_1_245' title='bbox 343 3759 444 3848; x_wconf 83' lang='lat' dir='ltr'><strong>lilius,</strong></span> <span class='ocrx_word' id='word_1_246' title='bbox 487 3757 821 3828; x_wconf 78' lang='lat' dir='ltr'><strong>Lacedaemoniorum</strong></span> <span class='ocrx_word' id='word_1_247' title='bbox 861 3779 923 3828; x_wconf 86' lang='lat' dir='ltr'><strong>rex</strong></span> <span class='ocrx_word' id='word_1_248' title='bbox 962 3760 1083 3828; x_wconf 84' lang='lat' dir='ltr'><strong>caesus</strong></span> <span class='ocrx_word' id='word_1_249' title='bbox 1118 3766 1181 3827; x_wconf 80' lang='lat' dir='ltr'><strong>esc</strong></span> <span class='ocrx_word' id='word_1_250' title='bbox 1292 3849 1295 3854; x_wconf 17' lang='grc' dir='ltr'>ι</span> 
     </span>
     <span class='ocr_line' id='line_1_34' title="bbox 87 3855 1179 3946; baseline 0.007 -21"><span class='ocrx_word' id='word_1_251' title='bbox 87 3856 145 3942; x_wconf 79' lang='lat' dir='ltr'><strong>(Gi.</strong></span> <span class='ocrx_word' id='word_1_252' title='bbox 171 3858 269 3928; x_wconf 86' lang='lat' dir='ltr'><strong>Diod.</strong></span> <span class='ocrx_word' id='word_1_253' title='bbox 297 3857 365 3927; x_wconf 81' lang='lat' dir='ltr'><strong>Sic.</strong></span> <span class='ocrx_word' id='word_1_254' title='bbox 397 3857 515 3946; x_wconf 83' lang='lat' dir='ltr'><strong>xvn,</strong></span> <span class='ocrx_word' id='word_1_255' title='bbox 542 3857 594 3926; x_wconf 80' lang='grc'><strong>62.</strong></span> <span class='ocrx_word' id='word_1_256' title='bbox 623 3857 675 3927; x_wconf 70' lang='grc'><strong>73.</strong></span> <span class='ocrx_word' id='word_1_257' title='bbox 695 3855 855 3927; x_wconf 86' lang='lat' dir='ltr'><strong>Dinarch.</strong></span> <span class='ocrx_word' id='word_1_258' title='bbox 877 3857 933 3927; x_wconf 80' lang='lat' dir='ltr'><strong>Or.</strong></span> <span class='ocrx_word' id='word_1_259' title='bbox 955 3861 989 3927; x_wconf 92' lang='lat' dir='ltr'><strong>in</strong></span> <span class='ocrx_word' id='word_1_260' title='bbox 1009 3859 1179 3933; x_wconf 83' lang='lat' dir='ltr'><strong>Demosth·</strong></span> 
     </span>
    </p>
   </div>
   <div class='ocr_carea' id='block_1_4' title="bbox 91 4019 332 4048">
    <p class='ocr_par' dir='ltr' id='par_1_13' title="bbox 91 4019 332 4048">
     <span class='ocr_line' id='line_1_35' title="bbox 91 4019 332 4048; baseline 0.004 -1"><span class='ocrx_word' id='word_1_261' title='bbox 91 4019 332 4048; x_wconf 61' lang='lat' dir='ltr'><strong>-un-——b</strong></span> 
     </span>
    </p>
   </div>
   <div class='ocr_carea' id='block_1_5' title="bbox 124 4127 1179 4302">
    <p class='ocr_par' dir='ltr' id='par_1_14' title="bbox 124 4127 1179 4302">
     <span class='ocr_line' id='line_1_36' title="bbox 124 4127 1179 4223; baseline -0.002 -24"><span class='ocrx_word' id='word_1_262' title='bbox 124 4143 151 4214; x_wconf 86' lang='lat'><strong>1)</strong></span> <span class='ocrx_word' id='word_1_263' title='bbox 183 4147 245 4198; x_wconf 86' lang='lat' dir='ltr'><strong>Una</strong></span> <span class='ocrx_word' id='word_1_264' title='bbox 269 4155 377 4200; x_wconf 82' lang='lat' dir='ltr'><strong>tuntum</strong></span> <span class='ocrx_word' id='word_1_265' title='bbox 401 4147 463 4200; x_wconf 80' lang='lat' dir='ltr'><strong>urbs</strong></span> <span class='ocrx_word' id='word_1_266' title='bbox 482 4127 612 4200; x_wconf 67' lang='lat' dir='ltr'><strong>Greeciae</strong></span> <span class='ocrx_word' id='word_1_267' title='bbox 637 4165 692 4201; x_wconf 90' lang='lat' dir='ltr'><strong>non</strong></span> <span class='ocrx_word' id='word_1_268' title='bbox 717 4158 757 4203; x_wconf 83' lang='lat' dir='ltr'><strong>est</strong></span> <span class='ocrx_word' id='word_1_269' title='bbox 775 4159 853 4222; x_wconf 83' lang='lat' dir='ltr'><strong>capte</strong></span> <span class='ocrx_word' id='word_1_270' title='bbox 871 4149 1179 4223; x_wconf 21' lang='lat' dir='ltr'><strong>proditione-Spart&amp;</strong></span> 
     </span>
     <span class='ocr_line' id='line_1_37' title="bbox 181 4232 932 4302; baseline 0.005 -16"><span class='ocrx_word' id='word_1_271' title='bbox 181 4249 208 4286; x_wconf 81' lang='lat' dir='ltr'><strong>v.</strong></span> <span class='ocrx_word' id='word_1_272' title='bbox 227 4233 304 4288; x_wconf 82' lang='lat' dir='ltr'><strong>l’anr.</strong></span> <span class='ocrx_word' id='word_1_273' title='bbox 323 4235 393 4300; x_wconf 83' lang='lat' dir='ltr'><strong>Vll,</strong></span> <span class='ocrx_word' id='word_1_274' title='bbox 414 4237 464 4298; x_wconf 84' lang='lat'><strong>10,</strong></span> <span class='ocrx_word' id='word_1_275' title='bbox 485 4239 508 4287; x_wconf 89' lang='lat'><strong>1.</strong></span> <span class='ocrx_word' id='word_1_276' title='bbox 529 4234 624 4288; x_wconf 80' lang='lat' dir='ltr'><strong>lustin.</strong></span> <span class='ocrx_word' id='word_1_277' title='bbox 641 4233 693 4302; x_wconf 79' lang='lat' dir='ltr'><strong>lx,</strong></span> <span class='ocrx_word' id='word_1_278' title='bbox 713 4240 739 4293; x_wconf 77' lang='lat'><strong>6.</strong></span> <span class='ocrx_word' id='word_1_279' title='bbox 756 4232 887 4301; x_wconf 78' lang='lat' dir='ltr'><strong>xxviii,</strong></span> <span class='ocrx_word' id='word_1_280' title='bbox 907 4239 932 4299; x_wconf 76' lang='lat'><strong>4.</strong></span> 
     </span>
    </p>
   </div>
   <div class='ocr_carea' id='block_1_6' title="bbox 0 0 1436 4958">
    <p class='ocr_par' dir='ltr' id='par_1_15' title="bbox 0 0 1436 4958">
     <span class='ocr_line' id='line_1_38' title="bbox 0 0 1436 4958; baseline 0 0"><span class='ocrx_word' id='word_1_281' title='bbox 0 0 1436 4958; x_wconf 95' lang='lat' dir='ltr'><strong> </strong></span> 
     </span>
    </p>
   </div>
  </div>
 </body>
</html>
