2864 4960
676 393 725 414 ···
789 355 862 458 ,¹³⁶
923 395 972 410 -

277 551 382 638 lippo,
403 547 560 616 Demetrii
580 547 656 636 tilio,
677 567 743 616 nen
763 553 830 614 tam
850 546 923 614 ioco
943 543 1004 611 sed
1026 547 1115 613 serio
1137 565 1252 634 porrus
1271 567 1372 616 urae-
1406 625 1407 630 ,

278 652 351 716 ciae
361 647 548 736 compedem
559 647 755 735 appellatum
767 643 874 740 (Plut.
883 645 1021 712 lllamin.
1032 664 1061 712 c.
1070 649 1122 710 le.
1137 648 1217 714 Liv.
1226 645 1371 738 XXXII,
1406 669 1407 704 u

277 741 351 838 31.)
360 792 374 836 ,-
391 765 454 835 nec
475 749 539 813 nisi
559 746 634 814 dolo
656 746 848 834 capiendum
869 749 1033 832 aureaque
1054 741 1192 834 captum
1212 743 1277 841 (ci.
1295 748 1370 815 Plut.
1406 821 1407 828 χ

277 849 372 914 Arat
387 865 416 914 c
431 849 576 912 10-24.
597 846 711 934 Polyb.
731 848 784 932 11,
803 847 855 912 Ab
875 843 975 910 Paus.
995 845 1040 932 ll,
1060 849 1100 932 8,
1121 849 1156 910 4.
1179 845 1261 934 Vll,
1280 849 1310 934 t,
1325 843 1371 938 1.]

276 945 470 1014 Alexandro
491 944 599 1014 adhuc
619 948 797 1034 superstite
816 949 853 1012 ut
873 951 1008 1032 caperet
1024 943 1129 1014 dabat
1151 963 1300 1034 operam,
1318 967 1371 1014 ve-

150 1130 153 1136 ,
276 1065 346 1112 rum
367 1047 529 1114 societate
550 1048 636 1114 inter
656 1046 813 1113 Achaeos
834 1049 870 1112 et
890 1042 1119 1112 Alexandrum
1152 1046 1237 1113 inita
1257 1043 1371 1114 destitit
1406 1135 1407 1138 Ἴ

276 1142 381 1235 [Plut.
402 1146 498 1212 Arat.
520 1163 549 1212 c.
570 1149 620 1211 lt.
642 1147 699 1210 18..
713 1145 871 1233 Polyaen.
893 1141 1137 1232 Strateg.1V,
1160 1148 1202 1232 o,
1224 1141 1289 1234 1.).
1308 1146 1370 1212 hlo-

232 1295 234 1301 .
275 1245 413 1332 demque
434 1253 581 1334 tempore
602 1247 792 1336 Antigonus
815 1245 965 1312 Gonatas
986 1250 1075 1312 totus
1101 1245 1144 1310 iis
1168 1245 1369 1334 cogitationi·

275 1344 337 1424 bus
358 1363 456 1433 quum
475 1351 568 1412 esset
588 1346 747 1432 intentus,
770 1342 1036 1434 quemadmodum
1055 1341 1134 1412 dolo
1156 1345 1247 1414 hanc
1269 1361 1368 1412 arcem

276 1445 495 1512 obtinentibus
515 1443 691 1532 adimeret,
714 1446 865 1531 quoniam
879 1451 995 1533 aperte
1008 1449 1143 1522 tentare
1157 1461 1282 1512 vanmn
1293 1450 1366 1532 crat,

274 1543 501 1612 Alexandmm
528 1547 630 1632 primo
657 1547 807 1633 sustulit,
838 1548 886 1612 uti
916 1545 1004 1612 lama
1036 1546 1194 1634 tenebat,
1229 1548 1367 1632 venenis,
1406 1569 1407 1624 j

275 1642 394 1717 deinde
414 1645 595 1732 Nicaeam,
617 1663 752 1716 uxorem
773 1647 862 1732 eius,
884 1663 970 1731 qnae
989 1665 1046 1712 res
1066 1645 1321 1714 administrabat
1338 1649 1366 1710 et
1406 1665 1407 1726 j

274 1745 450 1812 stationem
470 1747 505 1810 in
526 1744 766 1812 Acrocorintho
794 1744 959 1833 habebat,
978 1747 1035 1814 ita
1060 1749 1169 1835 cepit,
1198 1751 1236 1813 ut
1255 1745 1365 1820 Deme·
1406 1747 1407 1760 ³

273 1847 371 1914 trium
392 1844 490 1934 tilium
510 1842 554 1910 ad
575 1863 648 1912 eam
668 1844 937 1912 submitteretur
958 1847 1079 1918 laetam
1099 1867 1197 1936 spem
1210 1847 1364 1935 regiarum
1406 1917 1407 1934 χ

272 1947 458 2032 nuptiarum
479 1943 676 2014 ostentando
697 1952 732 2014 et
753 1947 905 2014 connubii
925 1960 999 2012 curn
1019 1945 1257 2032 adolescente,
1286 1945 1363 2010 ouius

274 2065 343 2114 non
371 2046 520 2112 insuavis
547 2053 621 2116 erat
649 2064 854 2136 congressus
887 2067 960 2116 cum
988 2048 1125 2122 muliere
1159 2044 1363 2135 provectioris
1406 2075 1407 2098 ι

186 2215 188 2220 ,
229 2229 235 2237 ,
275 2148 413 2234 aetatis,
439 2147 535 2214 huius
564 2145 628 2214 sibi
655 2149 800 2234 gratiam
821 2149 1022 2217 eoncdiaret
1076 2143 1152 2228 Qua
1182 2147 1270 2222 lacto
1300 2141 1361 2208 dun

275 2265 391 2314 omnes
411 2247 516 2334 regiis
536 2248 656 2334 nuptiis
688 2245 890 2320 adornandis
919 2245 1199 2334 celebrandisque
1228 2241 1361 2330 occupati
1406 2251 1407 2340 j

246 2341 247 2347 ’
274 2364 316 2413 ac
337 2347 536 2434 spectaculis
557 2347 677 2413 intenti
690 2349 1042 2418 suntrexsinulcum
1055 2346 1237 2416 arceurbe
1250 2358 1360 2432 quoquc
1406 2385 1407 2426 3

276 2441 517 2513 Corinthiorum
537 2446 669 2532 potitur.
720 2445 893 2534 'lmtuque
923 2450 995 2518 eius
1014 2449 1124 2516 misse
1141 2445 1258 2514 dicitur
1277 2441 1360 2510 laeti·
1406 2465 1407 2482 2

272 2547 322 2632 tia
341 2543 384 2612 de
404 2543 504 2610 rebus
524 2550 592 2613 tam
612 2563 754 2634 propere
773 2551 898 2638 gestis,
917 2553 955 2618 nt
974 2548 1236 2618 interarticulis
1256 2546 1290 2612 in
1306 2541 1359 2608 uiis
1406 2547 1407 2638 {

202 2735 204 2740 Ι
276 2655 311 2713 et
331 2647 402 2714 iore
423 2645 596 2712 exsultans
616 2663 698 2734 prae
724 2645 857 2736 gaudio
872 2653 1002 2737 potaret
1027 2665 1237 2734 coronasque
1256 2647 1290 2715 in
1308 2658 1358 2708 oa·
1406 2701 1407 2704 ,

275 2749 344 2838 pite
364 2752 507 2836 gestans
528 2763 629 2813 senes
656 2753 691 2812 et
711 2748 813 2814 tantis
834 2766 943 2816 rerum
963 2755 1121 2818 versatus
1142 2743 1357 2821 mutationibus
1406 2815 1407 2818 ,

278 2852 554 2917 commessaretur
566 2848 945 2936 complecteretnrqueet
956 2850 1119 2918 salutaret
1130 2849 1248 2918 obvim
1263 2841 1356 2937 [Plui

277 2952 335 3018 vit.
358 2951 452 3016 Aret
475 2965 504 3016 c.
525 2949 575 3016 17.
597 2947 638 3016 ei.
666 2947 784 3016 Mauso
805 2945 931 3036 Sparta
950 2949 1018 3036 111,
1038 2951 1069 3012 1.
1089 2969 1123 3036 p.
1144 2949 1218 3014 2511.
1239 2936 1314 3032 sq}

248 3118 251 3124 ,
358 3033 457 3115 Hane
486 3048 589 3134 igitur
617 3063 728 3114 arcem
757 3049 881 3116 Aratus
902 3049 1009 3115 altero
1030 3046 1108 3114 inde
1127 3061 1216 3114 anno
1235 3041 1313 3137 [alt
1330 3053 1354 3100 a
1406 3087 1407 3138 3

277 3141 395 3240 (ihu),
416 3163 512 3234 quum
532 3148 648 3214 iterum
669 3148 712 3213 ab
729 3147 881 3216 Achaeis
892 3154 1027 3236 praetor
1047 3153 1141 3214 esset
1162 3150 1301 3226 creatus,
1319 3134 1354 3201 ab
1406 3197 1407 3202 ,

274 3249 438 3338 Antigoni
459 3245 611 3330 Gonatm
630 3246 793 3335 praesidio
813 3247 983 3336 liberavit,
1003 3267 1083 3314 usus
1103 3250 1139 3322 in
1158 3263 1203 3313 ea
1216 3261 1254 3310 re
1266 3252 1354 3306 ause·

275 3347 407 3438 quenda
426 3348 567 3415 maxime
589 3365 691 3435 opera
712 3347 911 3436 Technenis,
931 3348 1021 3416 servi
1041 3349 1110 3436 sui,
1139 3344 1286 3434 Aegina,
1304 3351 1352 3400 tr·

273 3451 421 3542 gonterii
441 3445 611 3536 Sicyonii,
632 3447 774 3536 Ergini,
801 3447 982 3517 Diocliset
1000 3445 1172 3534 Dionysii,
1197 3442 1351 3530 sprerunt

273 3553 329 3640 qui
348 3549 552 3620 mercenaria
571 3549 605 3614 in
630 3549 863 3618 Acrocorinthi
882 3545 1047 3635 praesidio
1070 3548 1220 3615 iecerunt
1239 3541 1363 3626 slipen-v
1406 3585 1407 3592 1

237 3649 335 3734 dia.
387 3643 451 3729 Qui
479 3664 575 3734 quum
595 3647 735 3734 pecunia
762 3652 878 3714 essent
905 3644 1148 3734 corrumpendi,
1178 3642 1249 3730 ipse
1281 3649 1349 3702 vero
1406 3681 1407 3712 r

271 3767 336 3818 nec
355 3749 509 3835 propriae
529 3748 690 3835 pecuniae
710 3751 836 3814 tantum
849 3746 998 3834 haberet,
1018 3752 1171 3833 quantum
1186 3759 1264 3831 opus
1278 3736 1348 3814 erat
1406 3749 1407 3780 l

240 3903 241 3908 ,
271 3865 380 3934 neque
400 3855 430 3916 a¹
443 3848 578 3914 civitate
597 3847 700 3917 vellet
721 3863 923 3934 exposcere,
943 3864 1000 3912 res
1020 3863 1100 3912 suas
1120 3843 1280 3933 pretiosas
1297 3845 1347 3942 pti
1406 3839 1407 3934 i

272 3947 452 4036 sexaginta
471 3947 624 4040 talentis,
656 3963 739 4031 quae
765 3952 873 4012 mutuo
901 3948 1036 4033 sumsit,
1062 3947 1183 4034 pignus
1203 3931 1346 4024 exposut
1406 3985 1407 4020 ,

270 4043 376 4130 emm
415 4047 513 4116 auiuri
547 4047 806 4134 generositatem
838 4047 1131 4132 liberalitatemque
1166 4030 1344 4141 Plutarchus
1406 4055 1407 4144 ,

268 4144 386 4240 (Aret
407 4164 436 4214 c.
457 4139 531 4238 la.)
550 4144 717 4215 admirans
737 4146 877 4215 Aratum
899 4165 972 4214 eum
984 4146 1152 4215 Phocione
1173 4148 1206 4208 et
1224 4139 1346 4239 Epami·

270 4245 379 4316 nenda
400 4252 696 4338 comparaturque
716 4247 871 4319 minorem
893 4246 973 4318 huic
999 4243 1128 4318 laudem
1157 4257 1248 4332 quam
1272 4235 1342 4298 utu·-
1406 4273 1407 4310 ;
