2844 4952
702 354 750 367 -
801 320 875 395 228
924 335 973 363 ··'·
1395 389 1396 428 ,

1395 475 1396 506 l

285 523 404 574 annum
419 525 492 574 oum
502 507 641 576 absente
649 510 763 577 Attalo
779 515 911 578 creatus
926 513 1162 595 erat,·comltils
1181 516 1343 582 auctunua·
1395 509 1396 592 l

283 605 369 673 libus
397 610 461 684 211ι
487 623 517 673 a
540 605 616 676 Chr.
646 606 741 702 [biv.
756 611 890 696 xxvll,
923 607 1342 702 ao,a.11o.],occurrerunt.
1395 613 1396 680 l

259 681 262 698 ”
283 685 460 772 Adversus
479 705 566 773 hunc
586 705 702 774 ducem
723 708 775 774 bis
795 726 954 796 prospero
969 715 1107 776 eventu
1127 709 1280 798 Philippus
1296 734 1342 798 pu·

282 806 420 891 guavit,
450 805 540 876 mille
566 804 737 874 admodum
752 809 903 898 :hostium
939 814 1076 895 utraque
1104 829 1215 899 pugna
1240 812 1342 880 occidit.

281 899 365 968 Inde
386 897 614 988 quun‘Aetoli
633 911 721 974 metu
743 909 899 995 compulsi
923 909 1061 976 Lamiae
1079 911 1174 980 urbis
1203 912 1342 977 moenibus

151 1041 152 1044 =
281 1005 437 1070 tenerent
457 1021 536 1071 sese
556 1005 720 1093 Philippus
742 1008 922 1074 exercitum
942 1007 985 1074 ad
998 1009 1143 1078 Phalara
1162 1009 1287 1088 reduxit.
1303 1011 1342 1076 ho

277 1099 385 1188 legati
405 1101 448 1168 ab
469 1122 555 1192 rege
574 1105 724 1194 Aegypti
744 1101 934 1174 Ptolemaeo
950 1107 1047 1196 -(1v.,
1067 1108 1279 1196 Philopatore,
1296 1111 1341 1172 ill

277 1201 407 1280 -’lfll>
443 1202 645 1290 Rhodiisque
676 1211 710 1273 et
737 1207 996 1276 Atheniensibus
1028 1215 1062 1275 et
1090 1208 1179 1276 eliis
1208 1217 1341 1276 venerunt

279 1297 323 1363 ad
343 1298 663 1371 dirimendrnniuter
684 1305 866 1394 Philippum
886 1314 985 1394 atque
998 1309 1137 1376 Aetolos
1151 1310 1269 1384 bellum
1286 1308 1341 1374 Al-

276 1397 397 1466 bibitus
417 1401 461 1467 ab
481 1401 610 1470 Aetolia
632 1410 731 1472 etex
755 1405 897 1474 finitimis
929 1409 1119 1496 pacificator
1147 1405 1341 1496 Anyuauder,

276 1515 338 1564 rex
351 1501 588 1568 Athamanum.
631 1499 779 1572 Omnium
805 1512 914 1575 autem
941 1529 1009 1577 uon
1038 1516 1133 1578 tauta
1163 1529 1220 1598 pro
1239 1509 1341 1576 Aetolis

279 1614 359 1662 cura
390 1607 480 1687 erat,
513 1602 746 1692 ferocioribus,
781 1624 877 1692 quarn
907 1628 967 1696 pro
1001 1611 1145 1698 ingeniis
1170 1607 1355 1684 errorum

276 1698 411 1786 gentis,
434 1695 468 1790 lJ
489 1719 649 1786 quamue
669 1704 838 1793 Philippus
863 1726 1068 1797 regnumque
1081 1719 1083 1724 '
1097 1711 1167 1776 eius
1191 1726 1289 1798 graue
1312 1707 1341 1770 li·

274 1793 395 1861 bertati
422 1798 564 1867 buturum
594 1805 705 1870 rebus
724 1803 888 1874 Graeciae
918 1811 1181 1886 immisceretur„
1204 1808 1254 1876 De
1276 1824 1339 1894 pace

273 1889 377 1960 dilata
398 1899 669 1970 consultatiotest
688 1904 723 1971 iu
744 1907 917 1974 concilium
937 1908 1148 1982 Achaeorum
1169 1908 1340 1991 concilioque

182 2073 184 2083 Ι
272 1994 302 2059 ei
322 2000 357 2060 et
377 1995 471 2062 locus
492 2005 526 2065 et
546 1999 733 2072 diescerta
752 2004 897 2074 indictav
926 2010 1064 2076 Interim
1085 2011 1220 2099 triginta
1239 2007 1338 2096 dierum

273 2090 426 2160 induciae
446 2097 640 2184 impetratae
652 2098 824 2195 [Appian.
845 2107 920 2174 Eoi.
940 2109 971 2174 2.
993 2107 1036 2175 de
1062 2108 1138 2178 reb.⁴
1159 2105 1278 2179 Maced.
1298 2101 1338 2168 lib·

277 2193 331 2258 lx.
352 2193 428 2260 bist.
442 2194 572 2286 Rom).
751 2196 761 2219 ““
861 2249 862 2253 η

201 2345 202 2348 ,
353 2293 429 2360 Huc
442 2305 577 2383 ‘quoque
598 2301 733 2369 trahunt
753 2301 1102 2396 Schweighaeuserus
1133 2314 1167 2376 et
1186 2307 1292 2380 blanso
1311 2301 1337 2386 (l-

272 2405 301 2454 e
323 2390 405 2480 lli,
424 2395 455 2458 2.
475 2417 507 2482 p.
526 2399 612 2484 blla)
647 2401 863 2489 Polybianum
889 2406 969 2473 illud
998 2403 1338 2497 fragmentumllfli·

270 2505 315 2554 ex
335 2493 484 2578 oratione
503 2495 616 2563 habita
637 2500 689 2566 ab
701 2502 817 2587 aliquo,
830 2525 874 2570 ex
895 2506 945 2572 eis
966 2491 1109 2596 legatis}
1138 2527 1217 2595 quos
1237 2519 1336 2572 couve-

268 2589 360 2656 nisse
379 2591 493 2658 Livius
515 2591 674 2686 (xxva,
704 2596 780 2692 aa.)
805 2605 852 2670 ait
880 2603 923 2692 ad
943 2605 1158 2674 dirimendum
1177 2608 1260 2680 iuter
1275 2601 1337 2672 Phi·

271 2689 392 2776 lippum
414 2698 448 2757 et
468 2694 608 2765 Aetolos
629 2698 757 2768 bellum.

352 2789 520 2881 Philippus
546 2795 622 2864 inde
642 2819 703 2886 per
730 2801 939 2872 Thessaliam
967 2806 1201 2894 Boeotiamque
1227 2800 1336 2873 Chalci-

270 2885 346 2954 dem
366 2890 525 2959 Euboeae
545 2899 667 2984 veuit,
681 2905 717 2966 ut
736 2903 900 2993 Attalum,
933 2925 1028 2992 quem
1058 2909 1180 2982 classe
1193 2905 1335 2975 Euboeam

238 3019 241 3024 ·
268 2988 443 3072 petiturum
472 2991 620 3062 andierat
667 3001 825 3084 portubus
857 3011 890 3070 et
915 3005 1043 3072 litorum
1064 3011 1201 3096 appulsu
1220 3005 1334 3072 arceret

265 3082 351 3183 Jnde
371 3086 537 3174 praesidio
558 3097 674 3163 relucto
696 3098 858 3172 adversus
880 3105 1109 3195 Attalum,·si
1129 3104 1334 3176 forte-interim

268 3186 672 3291 traiecisset„-profectus
700 3200 772 3286 ipse
802 3218 874 3269 oum
901 3207 1015 3291 paucis
1043 3211 1186 3294 equitum
1213 3207 1335 3288 levisque

270 3292 458 3354 armaturae
478 3291 594 3380 Argos
615 3299 716 3364 venit.
750 3299 802 3369 Ibi
811 3301 985 3380 adratione
996 3282 1202 3382 Heraeorum
1215 3307 1334 3384 Nemeo·

268 3401 402 3473 rumque
423 3387 720 3483 smragiispopuli
742 3399 785 3464 ad
806 3421 887 3511 eppa·
899 3402 1033 3493 delata,
1048 3409 1124 3492 quia
1144 3425 1186 3472 se·
1200 3397 1333 3474 Macedo·

264 3491 344 3555 'num
365 3498 480 3575 ‘reges
515 3510 558 3562 ex
593 3512 638 3561 ea
669 3499 802 3568 civitate
832 3502 994 3571 oriundos
1017 3507 1183 3593 referunt,
1215 3498 1343 3570 Heraeis·

267 3587 413 3667 peractis
434 3587 476 3652 ab
488 3584 568 3685 ,ipiso
589 3589 714 3663 ludicro
736 3590 901 3688 extemplo
922 3605 1068 3692 Aegium
1080 3602 1208 3770 {Mspti
1220 3602 1333 3701 regium,

267 3678 346 3746 libri·
361 3683 495 3774 Rhium,
517 3692 686 3791 exhibenq3
708 3699 748 3762 cf.
769 3697 911 3770 Schorn.
932 3704 954 3769 l.
977 3723 1005 3774 c.
1017 3729 1066 3794 p,
1100 3697 1332 3796 aaj'profectus

267 3781 384 3891 estad
403 3769 558 3856 lodicum
584 3795 683 3860 multo
712 3797 791 3863 erite
819 3803 983 3895 sociprum¹
1007 3785 1188 3900 concilium,
1233 3802 1276 3870 lbi
1300 3793 1334 3860 de

272 3924 521 3985 ι-ὲ--Ἶ
728 3957 744 3994 1.
917 3956 931 3973 .,
1071 3959 1074 3968 Α
1201 3949 1307 4014 ..,

319 4034 346 4106 l)
363 4037 449 4093 Lucas
468 4043 497 4108 (l.
516 4059 539 4098 c.
556 4064 583 4116 p.
603 4049 674 4121 ll&
692 4051 760 4105 llud
777 4011 952 4132 :appobrium
970 4040 1004 4112 ab
1023 4061 1124 4116 Aetolis
1137 4051 1246 4134 ¹quidem
1261 4065 1330 4130 reno·

365 4125 554 4213 vcreptutletp
569 4137 762 4220 etsemoverct
777 4119 897 4209 fontecha,
918 4145 969 4200 nisi
988 4121 1147 4222 AetoliJ'am
1166 4133 1330 4207 uTlmcldide

219 4261 223 4265 ,
363 4207 393 4260 in
411 4211 526 4274 cundem
543 4215 600 4272 tere
617 4220 726 4276 madum
744 4224 844 4298 depicti
861 4241 958 4285 essent.
