2864 4960
688 406 872 480 *132
935 436 985 452 -

289 605 342 668 set
370 596 466 692 (biv.
486 599 617 685 Xlel,
634 597 687 660 tto.
708 593 861 683 xxxiv,
881 595 932 659 22.
952 591 1118 661 Mannert.
1139 591 1162 660 l.
1185 611 1215 658 c.-
1235 595 1315 682 vlil,
1331 597 1380 660 88.

289 694 392 790 sqq.)
414 695 518 780 Quam
538 696 664 765 obrem
679 695 817 778 Aetolos
837 693 904 762 non
924 698 992 759 tam
1003 692 1092 761 bello
1105 700 1220 782 aperto
1234 695 1383 781 iustoque

201 845 205 850 -
288 797 444 888 praedam
471 785 677 884 quaesivisse
703 799 815 890 notum
835 799 905 882 est,
935 791 997 860 sed
1016 793 1150 881 saepius
1180 791 1384 862 clandestina

156 969 180 988 Ι.
288 920 331 966 ex
351 897 476 967 insidiis
497 903 530 979 ²)
559 897 774 984 impressione
801 891 890 960 iacta
909 893 1072 961 latronum
1091 893 1242 982 exemplo
1263 912 1384 962 neces-

288 1000 380 1067 saria
401 1015 549 1086 quaeque
570 998 632 1063 sibi
653 1013 874 1084 comparasse.
910 989 1003 1075 Quae
1016 990 1167 1082 rapiendi
1183 992 1384 1082 praedandi·

288 1119 351 1186 que
371 1100 456 1166 ratio
477 1117 518 1165 eo
538 1097 751 1186 perniciosior
770 1093 913 1162 finitimis
934 1093 1122 1161 civitatibus
1143 1099 1227 1182 erat,
1244 1113 1308 1180 qno
1322 1093 1384 1158 dit-

287 1185 402 1266 ticilior
422 1195 530 1264 aditus
550 1198 585 1262 in
606 1195 770 1263 Aetoliam
789 1197 841 1284 iis,
862 1195 917 1281 qui
937 1208 995 1261 res
1014 1193 1142 1261 vellent
1158 1199 1315 1282 repetere
1328 1211 1384 1260 ra-

285 1303 372 1386 ptae,
394 1304 427 1365 et
449 1316 511 1386 quo
532 1297 657 1364 maiora
676 1297 710 1361 in
731 1293 803 1362 dies
823 1293 1131 1375 Aetolornmvires
1151 1293 1314 1381 caperent
1332 1294 1384 1358 in-

288 1405 465 1476 crementa.
509 1396 696 1487 'Amicitiae'
716 1397 789 1462 iura
813 1393 1045 1482 foederumque
1074 1394 1286 1492 sanctitatem
1314 1411 1384 1458 cum

286 1499 326 1562 iis
355 1497 557 1586 civitatibus,
587 1513 671 1584 qnae
697 1497 752 1563 vel
783 1497 926 1584 impares
958 1496 1124 1583 copiarum
1158 1491 1384 1584 magnitudine

286 1591 419 1684 essent,
431 1597 488 1664 vel
510 1598 626 1683 quibus
646 1597 719 1683 rapi
738 1592 860 1682 aliquid
879 1613 979 1682 posse
1000 1595 1244 1682 existimarent,
1265 1594 1386 1660 nullam

286 1713 364 1763 esse
394 1701 601 1784 reputantes,
633 1714 704 1762 cum
735 1695 776 1760 iis
796 1699 922 1762 tantum
941 1693 1099 1784 gentibus
1119 1694 1316 1768 societatem
1336 1694 1385 1760 in·

285 1798 373 1886 iere,
405 1815 542 1883 quanam
572 1815 653 1884 opes
683 1801 741 1862 ant
769 1793 1038 1882 reformidarent,
1058 1799 1094 1862 nt
1104 1791 1334 1864 Macedonum
1354 1800 1385 1860 et

286 1901 405 1984 postea
424 1897 655 1982 Romanorum,
676 1899 733 1962 aut
754 1912 890 1981 quartam
910 1895 1030 1962 auxilio
1050 1892 1127 1962 freti
1139 1894 1315 1962 latrocinia
1328 1912 1386 1960 sua

261 1997 325 2063 'se
345 1997 475 2085 impune
495 2000 745 2085 perpetraturos
766 1995 995 2083 opinarentur,
1025 1999 1125 2082 atque
1151 1992 1237 2062 adeo
1265 2011 1310 2060 ne
1337 1995 1386 2061 lris

287 2093 414 2183 quidem
429 2103 608 2186 parcerent
628 2096 737 2183 abque
757 2113 870 2164 eorum
889 2096 990 2163 rebus
1010 2113 1127 2162 manns
1147 2113 1290 2185 rapaces
1305 2095 1385 2164 abs-

286 2197 431 2262 tinerent
450 2197 579 2284 (Polyb.
595 2195 661 2284 Ill,
678 2199 756 2274 m).
779 2259 781 2266 ,
800 2189 911 2275 Quare
931 2194 1016 2263 haec
1035 2215 1126 2286 gens
1139 2198 1263 2286 etipsa
1277 2194 1386 2275 Grae-

287 2297 360 2362 ciae
378 2295 499 2362 ambitu
510 2295 708 2382 Graecoque
727 2297 858 2364 nomine
879 2296 1126 2385 comprehenso,
1147 2299 1178 2364 si
1190 2315 1263 2363 eum
1277 2295 1385 2364 Grae-

289 2397 338 2461 cis
358 2397 466 2482 potius
497 2397 761 2484 societateinita
786 2400 976 2462 exterorum
1003 2397 1143 2465 hostium
1162 2397 1386 2465 invasionibus

288 2499 322 2560 et
343 2493 515 2559 conatibus
535 2496 693 2562 resistere
712 2499 831 2581 parata
851 2493 976 2581 inisset,
997 2513 1104 2584 neque
1124 2497 1198 2585 ipsa
1217 2495 1386 2564 totdissi-

288 2590 414 2660 diorum
444 2611 583 2661 caussas
610 2593 752 2670 finitimis
780 2592 986 2682 civitatibus,
1013 2602 1049 2662 ut
1068 2596 1204 2665 Boeotis
1224 2602 1260 2664 et
1287 2615 1387 2685 prae-
1430 2635 1431 2693 ,

163 2705 165 2709 ·
290 2694 385 2782 cipue
405 2694 562 2782 Achaeis,
582 2695 800 2784 praebuisset,
814 2692 864 2788 de
885 2691 1048 2762 Graeciae
1068 2695 1222 2764 libertate
1241 2697 1386 2785 proiecto

290 2813 357 2863 non
377 2799 445 2862 tam
466 2795 618 2864 celeriter
637 2800 747 2862 actum
767 2800 850 2862 erat.
1429 2849 1430 2864 ,

260 2950 266 2962 ,
376 2875 515 2962 Scilicet
543 2913 701 2984 magnum
725 2887 830 2962 inisse
856 2895 1049 2963 Aetolorum
1077 2913 1196 2964 nomen
1223 2897 1291 2964 iam
1311 2897 1387 2965 Phi·
1429 2865 1430 2921 ¹

291 2995 369 3083 lippi
389 3001 423 3062 et
443 2993 643 3082 Alexandri,
673 2991 892 3062 Macedoniae
911 3007 1040 3084 regum,
1069 2995 1268 3086 temporibus
1290 3015 1386 3086 snpra
1428 3083 1429 3088 ἵ

146 3121 149 3128 ·
292 3092 441 3160 diximus.
482 3092 645 3162 Defuncto
656 3099 766 3161 autem
780 3092 971 3164 Alexandro
984 3098 1128 3184 initaque
1140 3096 1285 3166 foederis
1300 3116 1386 3166 com·
1428 3099 1429 3151 l

292 3195 445 3261 munione
466 3194 605 3282 omnium
623 3194 778 3262 Aetoliae
797 3195 1004 3282 affiniumque
1028 3195 1153 3284 urbium
1171 3198 1297 3284 Aetoli,
1312 3195 1387 3286 quid

293 3292 456 3379 valerent,
477 3293 539 3360 sibi
560 3294 694 3382 conscii,
714 3293 793 3360 belli
811 3294 959 3362 Lamiani
975 3297 1154 3386 participes
1167 3305 1265 3364 erant
1279 3296 1386 3377 (Diod.
1427 3337 1428 3379 ,

294 3389 364 3461 Sic.
384 3397 497 3482 lell,
516 3398 547 3459 lt.
569 3397 620 3458 11.
641 3396 722 3462 lust.
743 3398 832 3482 Xlll,
851 3397 899 3472 b.)
926 3394 1076 3484 duceque
1102 3397 1296 3465 Leosthene
1315 3419 1387 3465 mox

264 3479 267 3486 ’
295 3511 430 3581 pugnae
449 3488 492 3560 ad
508 3495 656 3560 Lamum
670 3496 863 3593 commissae
876 3497 1054 3566 interfuere
1066 3494 1183 3592 [Diod.
1193 3495 1263 3566 Sic.
1275 3502 1387 3584 lell,
1426 3537 1427 3609 t

169 3667 171 3670 ,
294 3595 325 3658 8.
346 3594 444 3661 Paus.
466 3597 491 3680 l,
510 3587 594 3684 ab),
621 3611 745 3683 neque,
775 3595 917 3686 Graccis
940 3597 1075 3684 reliquis
1095 3598 1243 3666 omnibus
1264 3598 1387 3690 adpa-

297 3691 443 3760 ciscendi
465 3692 669 3760 conditiones
694 3698 770 3790 post
797 3692 924 3764 cladem
948 3695 992 3764 ad
1013 3697 1200 3767 Cranonem
1220 3705 1388 3790 acceptam
1425 3737 1426 3776 2

298 3791 444 3878 adactis,
473 3795 549 3880 quin
569 3794 745 3881 Antipatro
766 3799 800 3862 et
821 3793 962 3865 cratero
983 3799 1195 3886 resisterent,
1215 3797 1388 3868 dubitave-
1425 3789 1426 3839 l

290 3899 376 3959 'runt
401 3891 518 3986 [Diod.
546 3890 615 3961 sic.
646 3896 759 3982 xvm,
786 3897 839 3961 24.
858 3899 910 3962 25.
939 3896 1054 3985 Polyb.
1075 3903 1133 3987 lX,
1152 3901 1205 3987 29,
1225 3902 1318 3966 2-4.
1339 3903 1387 3986 8⁰,
1424 3939 1425 3990 y

354 4199 386 4264 2)
405 4196 530 4266 Polybius
548 4199 596 4266 (V,
607 4203 663 4266 et.)
681 4201 789 4256 caedem
808 4219 841 4256 en
858 4202 960 4256 insidiis
978 4210 1111 4274 patrnam
1122 4203 1150 4258 iu
1166 4205 1320 4260 Aetolorum
1330 4221 1389 4276 pro·

406 4281 465 4358 pr‘ia
484 4285 563 4338 refert
580 4285 708 4340 iocinore.

1380 4381 1382 4390 i
