2864 4960
474 351 773 428 ...83-

88 567 182 620 verno
202 547 358 633 concilio,
377 546 468 616 veris
488 543 635 613 eiusdem
653 545 757 634 initio,
778 561 893 614 mense
911 543 1017 634 llaio,
1045 545 1080 614 in
1099 547 1171 616 lan·

87 649 206 718 aoniam
230 647 354 735 irrupit
400 645 550 716 Mensem
580 647 666 714 enim
695 645 817 716 ltlaium
832 695 835 703 .
849 650 917 714 tum
948 643 992 712 ad
1022 664 1173 740 vernum,

86 754 144 815 tum
163 747 208 816 ad
228 749 391 816 aestivum
411 747 488 816 6661
508 751 636 837 tempus
655 745 772 814 reterri
791 745 945 834 possein
968 750 1095 833 promtu
1108 756 1171 814 est

155 950 191 1034 6)
211 857 373 1016 Hostilius
392 913 570 1036 proconsul
591 947 657 1024 (sic
677 965 740 1015 nos
759 964 832 1013 cum
846 942 1172 1035 Schweighaeusero

85 1045 417 1133 mutraSchornium)
437 1045 576 1116 hiberna
598 1065 671 1113 cum
691 1047 794 1134 copiis
814 1047 849 1112 in
869 1045 1044 1114 Thessalia
1063 1063 1174 1136 agens
1249 1109 1252 1118 ,

84 1144 127 1215 61.
146 1150 221 1237 162,
240 1150 263 1214 6
284 1149 362 1232 (1oe
381 1163 411 1213 a
432 1144 536 1234 016),
558 1147 664 1214 hieme
690 1143 836 1214 eiusdem
863 1147 942 1214 anni
968 1145 1102 1236 legatos
1129 1141 1174 1212 ad

81 1247 232 1316 Achaeos
252 1249 351 1335 misit,
371 1248 426 1336 qui
445 1245 541 1314 dictis
560 1247 699 1314 minisve
720 1264 817 1334 quum
841 1245 1051 1314 Achaeorum
1078 1247 1173 1336 prin-

82 1346 166 1433 cipes
193 1348 472 1436 pcrterruissent,
501 1345 639 1434 placuit,
667 1351 704 1412 ut
724 1351 911 1434 praeturam
930 1347 1044 1436 gentis
1065 1347 1176 1414 statim

79 1451 204 1534 peteret
232 1445 325 1514 Areo
354 1467 383 1512 ε.
412 1445 545 1538 Archo,
576 1446 631 1532 qui
651 1443 737 1512 idem
756 1446 890 1512 tertium
909 1451 1045 1535 praetor
1064 1445 1173 1514 sactus

80 1551 129 1612 est
153 1563 238 1614 vere
267 1544 414 1614 eiusdem
438 1546 517 1612 anni
543 1541 595 1614 01.
626 1547 705 1634 162,
732 1548 755 1612 6
782 1552 817 1614 11
847 1547 968 1613 mansit
987 1544 1031 1614 ad
1050 1546 1175 1614 Maium

79 1663 222 1712 mensem
242 1643 294 1716 01
317 1647 393 1733 loa,
408 1649 438 1712 4.
460 1643 533 1740 (01
554 1641 588 1735 S.
609 1640 685 1739 68.)

157 1747 195 1832 1)
215 1745 382 1814 Docemur
403 1765 424 1812 a
443 1747 612 1814 Pausania
630 1744 730 1842 (vn,
745 1751 801 1864 14,
821 1748 852 1812 2.
875 1741 992 1838 extr.J,
1013 1747 1176 1846 scriptore

78 1849 221 1914 ceterum
248 1865 317 1914 non
341 1847 607 1936 religiosissimo,
635 1865 700 1916 nec
720 1849 784 1916 nisi
803 1847 860 1914 alii
881 1849 1090 1916 consentiant
1109 1829 1176 1914 tide

77 1943 188 2059 digno,
208 1945 350 2014 Diaeum
370 1949 569 2016 suffectum'
558 1949 684 2035 imperii
704 1948 756 2014 sui
776 1952 904 2036 tempus
925 1947 1176 2036 explevissem

76 2045 145 2111 eius
165 2045 275 2112 locum
294 2047 501 2114 successisse
522 2046 713 2135 Critolaum,
734 2066 830 2133 quum
850 2043 946 2114 Sext.
966 2047 1069 2114 Iulius
1085 2043 1176 2112 Cae-

77 2161 132 2210 sar
151 2145 260 2214 Roma
279 2148 398 2213 missam
418 2147 453 2213 16
474 2147 636 2215 Achaiam
656 2145 791 2234 legatus
806 2144 989 2232 advenerit,
1003 2144 1092 2213 Maio
1106 2145 1176 2234 igi-

75 2249 127 2311 tur
144 2263 263 2313 mense
284 2249 362 2312 anni
382 2250 445 2314 141
464 2265 496 2313 a.
517 2244 596 2314 Chr.
618 2241 811 2314 Conventus
838 2243 956 2332 habiti,
984 2245 1121 2333 primum
1140 2245 1177 2312 in
1281 2285 1282 2292 ι

76 2345 296 2436 Aegiensium
326 2346 424 2435 urbe,
455 2343 574 2415 deinde
605 2345 760 2435 Tegeae,
792 2341 907 2412 eodem
934 2361 1049 2418 mense
1074 2342 1176 2434 Maio,

74 2461 151 2512 uam
175 2465 241 2513 sex
268 2449 434 2518 mensrhus
461 2453 537 2538 post
556 2447 723 2537 proximus
745 2449 928 2514 conventus
950 2443 1041 2511 circa
1061 2442 1174 2511 Pleia-

74 2543 148 2614 dum
163 2564 318 2614 occasum
336 2554 408 2616 erat
422 2540 1175 2636 1111166666166161116111.(011111.

75 2641 117 2710 ad
137 2643 537 2740 61611616161666.)
576 2649 643 2715 Ρ1ι
672 2648 811 2715 hiemem
831 2643 976 2713 eiusdem
998 2644 1077 2710 anni
1098 2641 1176 2712 Cri-

74 2746 183 2814 tolaus
203 2747 393 2816 Achaeos·
382 2767 418 2816 m
437 2749 557 2816 bellum
572 2749 755 2817 Romanum
771 2746 916 2834 impellit.
958 2739 1118 2811 Critolai
1107 2742 1176 2830 rgi-

74 2850 127 2912 tur
152 2853 313 2934 praetma
340 2846 625 2937 comprehenditur
654 2847 757 2936 primo
783 2843 828 2942 (a
853 2843 942 2912 Maio
968 2835 1106 2932 menseJ
1139 2845 1175 2909 11
1243 2927 1246 2932 ,

75 2943 225 3012 secundo
252 2943 350 3039 (item
377 2946 420 3014 ad
439 2947 560 3015 Maium
580 2943 749 3036 mensemJ
779 2937 1175 3032 properassemus

75 3041 120 3110 ad
140 3041 372 3134 Scarpllaeam
391 3048 494 3136 prImo
513 3065 596 3114 vere
618 3041 669 3113 01.
692 3047 764 3134 168,
784 3046 805 3108 2
836 3042 1009 3110 commissa
1029 3046 1091 3108 est.
1132 3041 1174 3108 16

74 3141 217 3214 Critolai
234 3147 342 3216 locum
361 3153 496 3238 praetor
516 3133 673 3230 sufficitur
698 3145 833 3214 Diaeus
874 3143 956 3214 Mox
974 3144 1054 3210 item
1073 3157 1174 3230 prae-

74 3250 130 3313 tor
149 3251 286 3314 creatus
306 3265 394 3314 anno
408 3250 514 3312 1466.
526 3224 604 3316 Chr.
625 3243 691 3334 (61.
705 3247 768 3312 168
769 3247 898 3334 ,2-6.)
919 3241 1097 3312 Corinthus
1111 3238 1174 3307 de-

38 3409 40 3414 .
72 3345 145 3412 leta
172 3351 304 3415 aestate
330 3338 1011 3438 666111111111661160166116616(οί
1025 3337 1059 3430 s.
1081 3332 1176 3429 166.)

72 3440 136 3512 Sic
157 3443 243 3514 haec
264 3447 383 3562 optime
404 3446 585 3514 cohaerere
606 3447 767 3534 existimo,
788 3463 872 3532 quae
891 3441 1076 3527 insequenti
1092 3457 1174 3505 666-

72 3546 206 3614 ratione
226 3547 295 3612 suis
315 3547 398 3614 locis
418 3547 596 3636 separathn
616 3548 803 3614 accuratius
824 3542 1066 3632 explicabimus.

160 3640 255 3726 6611
275 3647 305 3712 si
326 3643 591 3715 consideraveris
609 3642 1173 3731 (116161611611666111111616

73 3744 228 3860 habebis,
250 3763 314 3832 qua
333 3763 484 3833 pressum
504 3765 543 3813 se
563 3745 814 3836 impeditumque
828 3747 964 3830 questore
978 3738 1175 3810 1681161-

72 3845 172 3933 nius,
191 3864 299 3932 neque
321 3847 529 3914 coniecturas
550 3847 628 3914 aliis
644 3865 760 3914 rursus
782 3843 997 3927 coniecturis,
1026 3846 1062 3908 ut
1082 3840 1149 3908 fit·
1137 3860 1174 3909 m

74 3943 219 4030 talibus,
248 3941 464 4012 stabiliendas
490 3947 664 4014 conabere.
694 3939 800 4025 Quod
821 3944 919 4010 sire
927 3959 1011 4011 vcra
1031 3937 1108 4008 inde
1119 3925 1173 4006 alr
1276 3930 1278 3946 ¹

74 4039 128 4112 (11
151 4047 225 4132 146,
246 4047 268 4109 4
307 4045 518 4128 Achaeorum
537 4051 710 4134 praetores
732 4043 945 4128 auctumnali,
966 4058 1033 4110 non
1054 4057 1172 4126 verno,

74 4147 225 4232 tempore
251 4150 287 4212 11
306 4146 410 4212 creati
431 4139 547 4212 essent
574 4151 608 4212 et
633 4146 833 4236 magistratu
852 4143 946 4231 ungi
966 4133 1174 4230 coepissent,
1269 4135 1274 4140 '

73 4261 175 4329 porro
202 4245 234 4312 si
253 4245 378 4316 Aratus
399 4244 544 4331 quintam
563 4242 720 4314 (1111666
740 4249 928 4334 praeturam
948 4258 1057 4326 suam,
1078 4252 1177 4324 quam

918 4345 974 4424 6.
