2864 4960
480 348 778 423 -7t'...

73 549 248 633 (lamias,
270 547 325 612 cui
346 543 522 634 assignant
543 561 684 632 regnum
704 541 747 608 ab
768 557 933 628 coerano,
955 559 1017 630 quo
1030 551 1176 622 mortuus

70 658 121 716 cst
134 647 334 716 Demetrius
354 649 449 732 pater
469 643 551 732 eius,
571 644 636 730 288
656 660 686 707 a
702 639 780 709 Chr.
796 644 967 734 Regnavit
987 651 1095 712 autem
1116 666 1176 734 per
1218 705 1220 710 .

69 746 302 837 quadraginta
330 750 481 832 quattuor
509 761 642 832 aun0s3¹
662 741 705 836 ad
726 760 848 811 anuum
866 745 969 832 igitur
990 765 1092 834 usque
1113 750 1177 812 aab

68 866 96 914 a
111 844 199 916 cnr.
222 844 388 939 (Clintou.
403 845 494 912 liast
509 843 638 910 Hellen.
659 865 692 932 p,
705 846 775 908 lae.
798 851 831 910 et
851 837 946 936 lbi.)
985 847 1073 914 Hinc
1087 848 1177 934 Bau-

67 949 188 1014 sanias
227 947 435 1018 convincitur
469 945 611 1032 erroris,
658 945 712 1032 qui
746 941 925 1032 Sicyonem
958 944 1002 1011 ad
1036 947 1177 1016 foederis

69 1047 218 1114 Achaici
238 1046 433 1112 societatem
453 1045 494 1110 ab
515 1045 622 1130 Arato
653 1042 838 1111 traductam
867 1064 949 1136 esse
970 1043 1048 1138 dicit
1077 1049 1177 1115 Auti-

68 1167 160 1235 gono
200 1145 339 1213 Doscue
369 1142 597 1212 Macedoniam
627 1143 893 1231 administrante,
935 1165 1031 1232 quum
1067 1153 1177 1214 tamen

68 1245 222 1335 Sicyon,
256 1243 342 1334 quod
371 1264 447 1312 mox
475 1243 786 1330 demonstrabimus,
816 1263 837 1310 a
863 1246 1015 1332 tyrannis
1035 1245 1176 1314 liberata

70 1347 294 1434 Achaeisque
315 1343 437 1412 tradita
457 1345 501 1412 sit
521 1363 609 1414 anno
630 1347 692 1411 251
714 1364 744 1413 a
760 1343 838 1412 cnr.
859 1342 913 1437 [v.
929 1346 1027 1412 Paus.
1042 1347 1086 1432 11,
1099 1350 1131 1433 Β,
1145 1350 1175 1412 8.

71 1449 110 1513 ci.
140 1447 304 1514 Periuon
334 1445 378 1510 ad
404 1443 542 1512 Aelii.
563 1447 605 1512 lb
625 1447 693 1534 111,
726 1447 775 1510 lt.
805 1445 949 1536 Kocnig.
970 1445 991 1510 l.
1014 1463 1043 1511 c.
1073 1469 1103 1534 p.
1124 1449 1176 1510 22.

70 1553 103 1613 et
130 1564 250 1616 meam
271 1543 319 1612 de
341 1545 484 1628 Pausan
507 1543 572 1612 fide
596 1551 696 1633 atque
726 1547 922 1622 auctoritate
943 1544 1175 1614 dissertatiun-

72 1639 218 1736 culam.)
418 1707 424 1722 ,

152 1746 277 1814 Hocee
296 1743 411 1812 foedus
434 1747 574 1834 quinque
588 1751 629 1831 et
644 1747 765 1836 viginti
779 1764 885 1813 annos
901 1747 1089 1837 constitisse
1099 1753 1175 1813 tra-

70 1845 116 1913 dit
135 1846 303 1934 Polybius
322 1842 394 1938 (11,
414 1839 502 1934 aa),
530 1847 718 1934 priusquam
738 1847 861 1936 singuli
882 1853 1054 1934 praetores
1075 1849 1175 1916 annui

72 1955 283 2014 crearentur.
325 1945 399 2012 Hoc
420 1963 500 2012 vero
521 1947 628 2032 spatio
649 1953 832 2014 renovatae
853 1949 1022 2014 societatis
1044 1950 1173 2036 praesi-

71 2043 130 2112 des
159 2047 297 2112 fuerunt
323 2050 495 2130 praetores
517 2043 581 2130 duo
603 2052 637 2114 et
657 2047 769 2128 scrssra
789 2067 816 2111 a
838 2039 1056 2135 γραμματεὺς
1077 2066 1173 2132 unus,
1214 2125 1218 2132 Ι

72 2165 209 2231 quorum
240 2161 326 2230 quae
351 2143 468 2210 luerint
497 2145 601 2211 officia
630 2146 694 2210 nisi
720 2146 882 2212 nominum
903 2146 1173 2242 interpretatione

71 2246 127 2312 vix
150 2246 348 2322 coniectura
368 2246 499 2330 assequi
516 2263 617 2332 posse
631 2243 833 2322 crediderim
869 2245 957 2312 ilinc
970 2245 1123 2333 scribam,
1139 2240 1173 2336 ¹)

73 2345 143 2412 sive
173 2349 365 2433 praetorum
394 2347 578 2412 auctoritati
608 2345 777 2432 subiectus
803 2347 876 2412 sive
910 2366 978 2412 non
1011 2345 1108 2412 inerit
1139 2352 1173 2413 et

72 2462 188 2530 parem
210 2441 453 2530 quodammodo.
466 2463 538 2511 cum
559 2448 599 2513 iis
613 2448 765 2530 babuerit
778 2446 983 2535 dignitatem,
1005 2448 1173 2514 ciuitatum

74 2545 300 2630 Achaicarum
320 2562 376 2628 res
396 2545 549 2632 internas¹
567 2546 832 2633 administrasse,
853 2555 1026 2636 praetores
1047 2566 1128 2614 vero
1143 2569 1170 2612 s.

76 2637 295 2733 στρατηγοῦς
307 2644 407 2710 rebus
421 2647 602 2732 praefuisse
616 2647 744 2714 bellicis
756 2647 853 2714 facile
868 2648 1045 2734 colligitur,
1056 2667 1171 2733 quam-
1256 2697 1263 2704 -

76 2761 170 2828 quarn
191 2743 369 2809 verisimile
390 2750 452 2830 est,
473 2751 508 2812 et
527 2747 734 2834 praetoribus
755 2749 820 2812 iam
840 2748 950 2836 primis
971 2747 1171 2834 temporibus

76 2859 272 2910 concessam
290 2841 393 2918 fuisse
413 2863 569 2934 maguam
589 2866 698 2914 rerum
725 2865 852 2936 quoque
879 2847 1083 2921 internarum
1110 2865 1171 2910 au-

76 2945 263 3024 ctoritatem
283 2947 381 3038 atque
401 2947 587 3032 potentiam.
620 2947 740 3034 Neque
759 2947 1053 3035 magiscognitum
1065 2945 1173 3013 habe÷

75 3060 159 3132 mus,
183 3062 263 3108 num
284 3042 318 3110 bi
337 3045 553 3132 magistratus
574 3049 675 3114 annui
688 3066 739 3133 ¹an
759 3048 910 3135 perpetui
931 3048 962 3112 b.
984 3065 1013 3114 e.
1036 3065 1098 3134 per
1118 3051 1171 3114 to-

77 3145 139 3208 tum
160 3143 256 3209 vitae
277 3148 405 3230 tempus
424 3145 544 3212 iirerint
563 3147 662 3213 electi
680 3154 779 3234 atque
792 3149 826 3212 in
839 3147 1008 3234 republica
1020 3144 1174 3235 gerenda
1214 3193 1215 3198 ,

79 3243 256 3310 constituti.
305 3241 456 3310 Peractis
482 3251 591 3312 autem
616 3247 738 3334 viginti
767 3247 909 3333 quinque
934 3247 1031 3332 anqis
1051 3247 1174 3333 placuit

79 3359 175 3408 unum
196 3359 316 3408 creare
336 3350 539 3433 praetorem,
561 3347 614 3412 cui
633 3364 744 3415 rerum
763 3364 888 3414 summa
909 3347 1174 3431 committeretur,

78 3449 109 3506 et
127 3441 256 3529 primus
276 3441 348 3508 eius
368 3441 539 3532 dignitatis
559 3445 619 3512 fuit
631 3446 767 3514 Murcus
781 3443 997 3534 Gerynensis,
1018 3446 1072 3531 qui
1089 3442 1176 3510 idem

78 3537 201 3608 liuram
234 3559 258 3606 a
285 3546 427 3627 tyranno
457 3544 631 3613 liberatam
659 3547 812 3613 societati
839 3545 1054 3630 attribuerat,
1084 3560 1174 3628 anuo

78 3640 138 3705 tte
155 3659 187 3707 a
203 3639 281 3710 cnr.
325 3638 485 3723 Quattuor
505 3664 600 3734 vero,
621 3647 675 3733 qui
695 3646 842 3733 proxime
862 3645 969 3710 secuti
989 3647 1076 3729 sunt,
1098 3642 1176 3708 anni

78 3741 199 3808 nullam
219 3748 399 3812 memoratu
419 3743 556 3835 ὥςιιωιι
575 3763 646 3814 rem
666 3749 822 3833 oderunt,
843 3743 949 3812 donec
969 3748 1085 3830 quarto
1102 3746 1178 3830 post

123 3991 150 4060 1)
179 3989 305 4043 Sehcrnii
321 3991 353 4061 (l.
371 4007 395 4043 c.
414 4007 441 4058 p.
458 3989 615 4063 (mquam
634 3989 710 4045 dedit
727 3990 761 4043 dc
780 3987 868 4042 scriba
886 3990 939 4042 hoc
958 3989 1092 4042 sententia
1111 4003 1176 4040 eon·

175 4075 280 4132 iectura
296 4077 418 4148 locisque
436 4084 556 4128 ueterum
574 4083 714 4130 nudorum
732 4074 768 4127 ab
785 4074 844 4145 ipro
856 4076 991 4128 excitatis
1012 4073 1112 4126 talibus
1135 4072 1177 4124 ni·

177 4163 246 4216 titur
263 4162 378 4231 (Polyb
392 4161 442 4226 Ν,
461 4165 485 4214 7.
511 4161 580 4214 elur.
597 4163 670 4216 Arre
688 4179 712 4217 c.
730 4162 803 4230 24),
830 4161 877 4232 qui
896 4162 937 4214 vel
955 4159 1025 4213 nihil
1043 4153 1174 4212 eiusmodi

178 4235 312 4312 offerunt,
332 4248 376 4302 vel
393 4247 427 4300 de
444 4245 538 4301 acriori
555 4252 676 4317 tempore
694 4245 861 4312 intelligendi
879 4253 949 4300 sunt.

240 4559 256 4594 l
