2864 4960
635 345 936 420 ...¹08-

234 533 441 622 temporariis
463 549 614 602 connexa
636 541 770 622 essem,-
783 551 868 621 quae
889 523 1000 600 sumus
1022 552 1066 600 ex
1082 534 1234 622 professo
1250 537 1346 602 ube-

232 633 301 698 rius
322 636 525 722 enarraturi,
555 636 650 720 utile,
672 635 735 701 imo
756 653 838 702 vero
859 636 1084 701 necessarium
1105 633 1277 723 duximus,
1313 639 1347 702 si
1423 654 1424 734 y

231 731 326 801 modo
348 733 508 802 vellemus
529 736 675 822 implere,
696 733 782 820 quod
803 735 892 804 initio
914 733 1049 821 polliciti
1069 753 1200 825 sumus,
1222 726 1348 822 ut,qu¹'
1423 739 1424 826 l

231 837 310 900 turm
341 837 497 924 temporis
534 842 625 902 esset
660 841 768 902 status
804 833 1021 902 Macedonum
1052 839 1087 899 et
1119 832 1346 920 Graecorum,

232 933 511 1002 ostenderemus
546 937 593 1002 Et
613 955 728 1002 rursus
741 931 775 1024 ς
789 937 820 1000 t.
836 952 906 1020 sqq.
943 935 1036 1021 „Iam
1057 951 1118 1000 nos
1139 952 1222 1000 vero
1236 937 1345 1021 'post-
1423 965 1424 972 κ

231 1051 328 1118 quam
347 1035 518 1102 Introitum
538 1041 572 1101 et
592 1035 883 1126 Praeparationem
899 1035 999 1101 totius
1014 1034 1183 1100 Historiae
1196 1036 1344 1102 nestrae

231 1134 393 1201 hactenus
406 1138 572 1224 persecuti
585 1156 715 1226 sumus,
728 1152 792 1221 qua
814 1135 1032 1232 exposuimus,
1047 1132 1176 1219 quando
1194 1140 1229 1200 et
1251 1151 1344 1217 quo-

230 1233 325 1300 modo
348 1240 381 1301 et
402 1235 517 1321 quibus
537 1234 581 1302 de
602 1237 731 1302 caussis
752 1231 912 1321 Romani,
942 1240 1018 1322 post
1042 1217 1173 1300 ltaliam
1195 1235 1343 1300 nniver-

230 1351 303 1400 sam
323 1333 505 1422 devictam,
534 1337 670 1423 primum
703 1340 800 1402 extra
820 1334 949 1402 Italiam
970 1351 1062 1399 arma
1082 1351 1282 1421 promovere
1305 1341 1342 1398 et

230 1433 273 1502 de
293 1437 394 1504 maris
415 1437 548 1522 imperio
570 1453 642 1502 oum
662 1433 996 1523 Carthaginiensibus
1014 1440 1145 1500 certare
1155 1435 1222 1499 sint
1243 1435 1342 1525 ausi3
1423 1517 1424 1520 Ἴ

229 1532 389 1623 adhaec,
411 1537 482 1621 quis
497 1535 600 1611 ‚fuerit
620 1540 699 1602 tunc
721 1533 809 1623 apud
831 1531 992 1621 Graecae,
1013 1533 1099 1621 apud
1115 1532 1341 1622 Macedones,
1405 1551 1408 1558 ·

229 1640 264 1702 et
285 1635 371 1722 apud
383 1635 693 1725 Carthaginienses
715 1653 854 1722 quoque,
875 1641 986 1701 rerum
1007 1640 1129 1720 statuS,
1141 1632 1339 1700 deelaravi-

165 1735 168 1744 ’
227 1755 318 1826 mus3
339 1756 437 1824 nuno,
459 1737 514 1804 ubi
535 1735 578 1803 ad
599 1735 685 1804 haee
705 1737 780 1824 ipsa
796 1737 1007 1824 pervenimus
1020 1741 1181 1823 tempora,
1195 1739 1337 1821 quorum

227 1835 473 1920 Historiam'ex
493 1838 595 1926 primo
616 1843 731 1904 nostro
751 1838 900 1904 instituto
920 1833 1190 1923 perscribendam
1211 1853 1338 1900 susce·
1424 1871 1425 1920 t

133 1977 139 1996 r
227 1937 333 2026 pimus
362 1938 428 2024 (ei.
447 1940 476 2026 I,
503 1941 534 2004 8.
556 1937 648 2029 sq.)3
680 1937 796 2024 quibus
822 1932 1020 2024 temporibus
1051 1933 1175 2002 Graeci
1201 1935 1337 2002 Bellum
1424 1939 1425 1964 ³

227 2034 374 2125 Sociale,
394 2039 534 2106 Romani
548 2039 711 2105 Punicmn
732 2031 929 2124 secundum,
959 2054 1063 2125 reges
1082 2036 1188 2101 Asiae
1209 2033 1336 2102 Coele-

227 2140 393 2224 syriacrmr
416 2141 535 2206 bellum
555 2137 814 2230 meditabantur,
834 2138 949 2204 librum
970 2137 1058 2204 huno
1078 2134 1118 2202 in‘
1127 2136 1336 2224 superiorum

228 2237 386 2305 bellorum
415 2238 481 2307 fine
502 2249 537 2306 et
557 2241 646 2307 obitu
666 2240 865 2328 principum,
898 2239 951 2324 qui
971 2237 1029 2304 illa
1049 2235 1335 2324 administrarant,

228 2337 396 2406 commode
416 2338 732 2407 terminaverimrrs.“
1300 2385 1304 2390 -

310 2434 404 2518 Quae
441 2441 651 2510 narrationes
682 2439 746 2504 nisi
776 2439 979 2526 praemissae
1010 2442 1125 2505 essent
1161 2433 1335 2520 ridiculum

227 2553 312 2604 sane
343 2544 416 2606 erat
446 2541 595 2608 scribere
623 2539 794 2626 Polybium
814 2540 905 2608 initio
924 2539 998 2605 libri
1018 2540 1182 2626 tertii„(c.
1205 2535 1334 2628 l,1.)r

226 2636 445 2728 ,Principium
465 2641 635 2710 Historiae
655 2646 791 2708 nostrae
812 2657 938 2728 ponere
964 2659 1026 2707 nos
1048 2637 1181 2707 Sociale
1201 2637 1334 2704 Bellum

226 2744 262 2806 et
281 2740 543 2829 Hannibalicum,
564 2747 631 2810 tum
650 2739 740 2831 illud,
755 2739 840 2830 quod
854 2739 897 2808 de
911 2737 1105 2829 Coelesyria
1117 2746 1171 2808 est
1184 2743 1334 2830 gestum,

227 2843 330 2929 primo
351 2845 451 2910 totius
472 2845 581 2932 operis
602 2842 695 2930 libr'o,
716 2845 771 2930 qui
791 2844 908 2912 tertius
929 2841 1057 2909 abhoc
1078 2847 1149 2929 est,
1173 2841 1332 2907 deelara-

225 2943 349 3009 vimus:
371 2961 575 3032 caussasque
595 2946 693 3012 etiam
720 2943 839 3012 ibidem
860 2944 1056 3032 aperuimus,
1078 2960 1137 3010 cur
1156 2943 1331 3030 repetitam

227 3042 327 3108 ultim
356 3045 559 3132 superiorum
589 3050 767 3134 temporum
788 3045 957 3112 historiam
978 3042 1108 3113 duobus
1134 3042 1245 3129 libris,
1276 3045 1331 3130 qui

123 3179 125 3184 ¹
228 3144 317 3214 hunc
337 3145 552 3235 praecedunt,
574 3148 673 3214 umus
693 3147 870 3235 persecuti.
911 3145 1012 3211 Nunc
1025 3142 1068 3210 ad
1082 3143 1139 3208 illa
1152 3144 1227 3231 ipsa
1242 3143 1331 3210 bella

227 3246 510 3315 commemoranda
545 3252 580 3315 et
607 3265 746 3314 caussas
775 3246 869 3314 simul
889 3241 1163 3312 demonstrandas
1193 3249 1330 3332 propter

226 3363 310 3432 quas
337 3354 372 3416 et
393 3350 534 3416 conflata
553 3347 596 3415 ab
617 3349 708 3415 initio
728 3347 838 3433 inere,
870 3349 904 3412 et
935 3348 1053 3432 postea
1081 3349 1149 3410 tam
1173 3344 1329 3431 ingentio

227 3465 381 3538 evasere,
401 3470 464 3517 nos
485 3451 709 3539 accingemus
730 3449 761 3514 si
781 3463 888 3536 pauca
901 3446 992 3532 prius
1007 3443 1049 3511 de
1064 3445 1212 3511 instituto
1226 3461 1328 3532 opere

135 3558 138 3566 ’
226 3547 382 3616 fuerimus
396 3549 567 3638 praefati.“
608 3549 851 3617 Praefationem
864 3564 947 3614 vero
962 3546 1060 3612 etiam
1071 3545 1226 3612 librorum
1236 3543 1328 3630 prio-

200 3665 298 3714 ¹rum
325 3647 461 3717 duorum
491 3652 526 3716 in
554 3649 663 3718 fronte
690 3653 864 3736 posuerat,
895 3645 1022 3732 sibique
1052 3649 1211 3712 constans
1240 3641 1331 3710 idem'

106 3827 113 3846 .
227 3749 358 3834 repetit,
379 3749 435 3814 nbi
454 3750 519 3816 iam
539 3751 573 3815 in
594 3769 635 3818 eo
657 3754 720 3834 est,
741 3753 777 3814 ut
798 3767 879 3835 opus
900 3747 1004 3834 ipsum
1027 3745 1170 3832 incipiat.

309 3844 414 3928 Quam
439 3850 482 3916 ob
510 3868 579 3915 rem
610 3855 646 3916 ut
676 3867 772 3916 nemo
794 3856 865 3936 est,
887 3848 941 3935 qui
962 3839 1188 3933 Thucydidem
1208 3844 1325 3918 librum

226 3964 319 4013 snum
350 3949 486 4035 primum
514 3954 594 4016 ante
620 3949 739 4015 bellum
767 3947 1081 4036 Peloponnesiacum
1102 3945 1325 4032 composuisse

227 4044 416 4133 contendat,
437 4047 487 4114 sic
507 4049 571 4114 iam
592 4049 750 4119 neminem
771 4048 842 4114 fore
862 4051 957 4136 puto,
986 4045 1064 4131 quin
1083 4043 1180 4112 facile
1201 4059 1324 4110 conce·

225 4144 293 4236 dat,
313 4147 483 4236 Polybium
503 4165 630 4235 qnoque
651 4154 822 4233 utramque
842 4148 952 4236 operis
973 4146 1024 4214 sui
1044 4152 1170 4232 partem
1197 4161 1264 4210 uno
1291 4145 1323 4208 et

226 4249 385 4337 perpetuo
406 4254 522 4318 tenore
543 4245 739 4318 absolvisse.
