2864 4960
508 297 806 380 “143³-

170 499 305 584 Neque
333 500 444 562 tomen
474 489 572 557 desiit
602 491 728 556 Aratus
760 488 847 554 omui
873 485 967 553 modo
993 489 1140 572 tentare,
1168 491 1204 554 ut
1246 577 1249 582 A

96 601 221 687 Argos
242 597 417 684 reciperet.¹
470 588 655 677 Aliquando
686 587 786 656 scalis
808 585 946 654 admotis
967 605 1078 653 muros
1098 605 1205 676 parva

103 718 181 765 oum
202 694 333 764 militum
355 708 453 760 manu
473 695 692 780 superaverat
710 687 896 778 uigilesque
911 685 1088 777 occiderat,
1109 693 1206 760 qum

96 797 272 864 diducente
291 794 345 861 die
359 791 498 880 Argiuis
519 807 639 857 secure
660 789 801 875 quietem
817 789 1005 876 agentibus,
1027 789 1122 874 quasi
1137 796 1207 852 non

101 916 167 985 pro
188 897 332 984 ipsarum
351 897 557 982 pugnaretur
579 891 752 976 libertate,
780 905 801 954 a
823 893 965 975 tyranno
986 888 1070 955 urbe
1089 907 1206 959 rursus

100 995 270 1062 excedere
299 998 487 1082 cogeretur.
552 989 650 1057 Arati
679 990 783 1075 enim,
811 987 886 1053 dum
914 988 1041 1056 sortiter
1066 987 1210 1083 dimicat,

100 1097 207 1162 basta
227 1095 374 1162 cominus
395 1091 499 1158 femur
520 1096 573 1157 est
593 1091 774 1158 traiectum.
816 1088 941 1156 uocum
964 1097 1090 1178 tamen,
1113 1108 1210 1178 quem

97 1203 259 1284 ceperat,
283 1195 414 1260 retinuit
433 1199 543 1279 tueque
567 1197 645 1258 aute
666 1197 796 1257 noctem
817 1189 859 1254 ab
880 1189 1079 1257 instantibus
1100 1191 1209 1258 hosti

97 1285 567 1372 brementensem
589 1291 769 1356 sinautem
791 1304 917 1376 quoque
939 1288 1062 1357 acriter
1082 1293 1209 1360 totera-

102 1397 216 1462 visset
237 1403 303 1460 tion
325 1389 505 1458 decidisset
491 1395 655 1478 tempto,
678 1387 794 1478 quippe
808 1393 1028 1479 respiciebat
1018 1409 1082 1459 ram
1083 1394 1210 1484 fugam

103 1503 274 1583 tyrannus
296 1497 330 1559 et
350 1497 505 1579 magnum
526 1493 653 1578 partem
683 1491 870 1556 tacultatum
901 1509 1032 1558 suarum
1054 1492 1097 1560 ad
1117 1510 1210 1561 mare

102 1589 352 1682 praemittebat.
411 1588 505 1672 euno
523 1599 632 1676 quunt
651 1606 746 1656 uerno
768 1587 811 1656 ad
832 1591 971 1658 Aratum
991 1565 1154 1680 perferret
1176 1597 1211 1660 et

103 1693 307 1761 deficeretur
335 1701 422 1778 aqua
451 1697 606 1778 essetque
640 1691 789 1757 uulneris
816 1706 937 1759 caussa
966 1689 1017 1760 soi
1047 1685 1209 1784 impotens

104 1793 240 1861 reduxit
259 1794 392 1860 milites.

192 1887 307 1962 Missis
334 1883 436 1980 igitur
466 1891 593 1957 insidiis
625 1889 752 1959 Aratus
781 1908 855 1958 cnm
869 1961 879 1978 2
894 1897 1043 1961 exercitu
1075 1887 1211 1966 adortus

104 1997 313 2084 Aristippum
327 1991 531 2060 adcurrere
545 1993 810 2080 fluidumproelio
825 1995 996 2082 pugnavit.
1031 1993 1096 2062 Ubi
1105 1997 1211 2066 hosti·

105 2097 172 2162 lem
193 2095 375 2162 exercitum
397 2099 528 2160 auctum
549 2091 702 2158 subsidiis
735 2093 842 2158 sensit
864 2091 1008 2160 Cleonas
1029 2105 1107 2162 sese
1130 2116 1212 2167 con-

106 2197 179 2264 tulit
201 2213 327 2284 eaque
329 2196 363 2260 in
376 2194 459 2260 urbe
473 2193 673 2260 Nemeorum
689 2190 849 2258 ludicrum
862 2193 1070 2262 instauravit.
1107 2191 1215 2278 Quam

107 2297 149 2365 ob
171 2312 327 2362 caussam
348 2291 524 2378 acbtditu
525 2299 639 2360 ttuno
661 2293 798 2390 primum
818 2293 981 2360 securitas
998 2300 1032 2360 et
1045 2293 1128 2364 fides
1148 2319 1212 2388 pu-

109 2397 214 2485 blica,
246 2405 331 2481 qaue
361 2395 595 2461 certaminibus
617 2395 690 2461 istis
712 2395 890 2481 antiquitus
911 2387 1109 2486 habebatur,
1138 2403 1213 2468 vio·
1304 2400 1310 2405 ’

106 2498 252 2587 loretur3
273 2512 350 2561 num
369 2496 493 2583 Argivi
507 2511 635 2606 quoqne
649 2493 808 2561 ludicrum
830 2492 909 2560 illud
931 2491 1045 2562 eodem
1067 2504 1214 2588 ternpore

109 2598 324 2665 instituerunt
343 2586 566 2683 Achaeosque
589 2597 720 2683 omnes,
743 2595 797 2682 qui
818 2593 924 2684 Argis
945 2592 1213 2692 decertaverant,

111 2697 198 2764 lines
213 2693 393 2782 Sicyoniae
415 2695 558 2762 civitatis
578 2701 801 2784 peragrantes
824 2699 939 2781 coptos
959 2695 1098 2794 hostium
1118 2699 1214 2820 modo

115 2798 178 2864 sub
200 2797 300 2874 hasta
320 2793 550 2863 vendiderunt.

199 2896 296 2962 Haec
316 2895 445 2962 Nemea
466 2897 594 2964 aestiuo
615 2901 692 2962 acta
718 2901 796 2963 sunt
829 2889 880 2962 01.
904 2896 976 2982 134,
996 2893 1018 2959 3
1047 2912 1134 2964 auno
1160 2899 1214 2967 iu-

73 3065 76 3073 *
118 3001 228 3082 eunte,
249 2997 372 3062 mensis
394 2997 514 3064 aestivi
527 2995 665 3062 secundi
685 2991 739 3064 die
753 2993 833 3062 XII.
875 2993 915 3062 Iu
929 2995 1016 3062 huuc
1033 2997 1137 3063 solum
1153 3017 1216 3066 an-

121 3117 195 3163 ιιιιιιι
216 3097 273 3164 illa
299 3097 429 3164 Nemea
453 3097 625 3184 quadrant.
671 3095 759 3164 Nam
783 3099 817 3162 in
845 3095 988 3162 eiusdem
1015 3085 1216 3186 Olympiadis
1307 3121 1309 3126 ·

121 3199 221 3284 primo
244 3214 331 3265 anno
352 3203 496 3264 exeunte
517 3215 602 3284 quae
630 3203 706 3264 acta
734 3207 810 3264 suot
842 3196 970 3264 Nemea
991 3195 1146 3286 hiberna,
1176 3219 1218 3276 eu
1285 3175 1300 3204 ⁸

122 3295 263 3363 nondum
283 3299 331 3364 ito
351 3297 441 3364 laeta
461 3289 554 3364 luere
575 3293 739 3383 Achaeis,
769 3303 804 3363 ut
838 3297 963 3363 Aratus
993 3296 1109 3384 Argos
1137 3317 1217 3385 spe—

124 3401 216 3466 ctare
231 3408 354 3484 posset.
396 3397 465 3465 imo
479 3403 556 3485 post
575 3397 633 3463 illa
653 3393 782 3464 Nemea
800 3392 926 3464 Aratus
946 3395 1064 3462 iterum
1084 3403 1218 3484 praetor

132 3558 375 3574 m

225 3636 306 3702 utque
326 3637 388 3684 ante
407 3631 502 3684 oculos
525 3629 623 3702 positi,
648 3645 740 3682 omnes
767 3639 856 3688 tumen
885 3627 991 3680 urbium
1016 3645 1123 3682 suorum
1148 3629 1220 3686 cives

223 3716 374 3769 aaeviraimc
392 3722 520 3770 tractasse
533 3715 668 3780 ridentur,
689 3715 816 3786 quoniam
834 3711 957 3786 plerique
982 3733 1015 3767 ex
1033 3716 1128 3768 alienis
1147 3717 1219 3770 urbi·

225 3799 274 3854 bus
293 3801 399 3856 oriundi
418 3796 493 3854 uullo
512 3803 628 3856 civitatis
647 3810 737 3854 amore
762 3800 923 3853 tenebantur
946 3799 1031 3870 iisque
1054 3809 1159 3854 tuntum
1177 3821 1221 3855 re.

225 3885 275 3939 bna
295 3907 402 3960 operam
422 3887 541 3952 dpbant,
561 3904 629 3960 quae
645 3887 815 3958 exipsorum
835 3884 949 3938 utilitate
967 3894 1064 3949 essent,
1084 3895 1112 3939 et
1130 3889 1221 3941 Mace·
1313 3881 1315 3886 ’

227 3972 329 4024 donum
346 3975 460 4024 maxime
477 3973 687 4039 reputaverunt,
708 3971 911 4044 quippe'quem
929 3971 1072 4042 potestatis
1091 3989 1154 4024 auae
1173 3991 1221 4024 au-

228 4068 330 4112 ctorem
348 4059 567 4130 defensoremque
588 4058 731 4112 colendum
754 4057 893 4111 heberent
935 4057 1018 4130 Atqui
1036 4057 1103 4112 haec
1120 4057 1221 4126 optime

231 4142 356 4197 illustrari
374 4162 452 4216 posse
471 4145 596 4197 videntur
613 4141 770 4210 Argivorum
784 4152 964 4230 tyrauuorum
982 4141 1122 4216 exemplo,
1142 4140 1221 4233 quale

232 4226 342 4284 exhibet
359 4229 544 4285 Plutarchua'
537 4246 566 4283 ιιι
566 4223 659 4283 Arati
675 4228 730 4285 vita
749 4246 772 4282 c.
791 4229 833 4284 26
