2844 4952
482 317 755 392 -167-

72 515 186 578 contro
208 505 423 580 Cleomenem
452 509 560 593 emmo
588 509 764 596 scripsisse
791 509 1027 580 existimandus
1048 515 1107 603 sit,
1135 518 1169 584 in

70 613 118 679 his
138 616 238 680 certe
259 611 526 696 morationibus,
554 611 750 698 pracsertim
776 627 873 694 quum
896 615 1034 701 'saepius
1054 635 1167 686 secum

68 718 190 802 pugnet
223 710 301 798 (V,
329 713 367 797 8,
393 711 425 775 8.
448 727 476 774 c.
498 712 549 774 ltl.
569 728 600 776 c.
628 713 678 774 11.
706 727 734 775 o.
761 710 820 796 ih,
853 711 972 777 8-8.
1000 731 1030 780 c.
1055 719 1108 782 so
1136 737 1166 784 c.

68 815 253 900 lr—bo.),
280 827 404 900 magno
430 827 509 876 csse
533 812 712 900 auctoritas
738 829 804 878 non
835 809 987 890 videtur,
1013 817 1166 900 quoniam

68 916 99 980 in
116 915 257 1002 scriptis
275 912 383 980 hostis
404 915 502 997 etque
521 910 642 978 inimici
663 907 746 977 odeo
768 911 929 978 inhnicurn
948 931 1027 982 roro
1041 916 1090 982 ito
1104 915 1167 984 de-

69 1015 185 1101 pictum
205 1015 348 1098 eiusque
365 1011 458 1078 iocte
478 1012 626 1098 reperies
651 1011 699 1076 ito
720 1013 904 1098 proposito,
938 1031 1002 1098 quo
1021 1011 1170 1084 decuerit

69 1112 127 1182 iile
146 1120 253 1200 atquc
272 1112 426 1180 ueritotis
448 1115 569 1178 amore
589 1107 665 1188 (Ci-
684 1109 804 1179 blenso
825 1111 847 1176 l.
869 1130 897 1177 c.
919 1113 987 1199 111,
1007 1117 1037 1180 2.
1059 1139 1090 1203 p.
1105 1119 1168 1184 188

69 1217 180 1279 -litl
202 1213 319 1278 Lucos
339 1211 361 1278 l.
376 1229 406 1278 c.
420 1232 452 1299 p.
467 1211 613 1276 lio-oo.
634 1211 785 1276 or-ro
807 1210 887 1278 Meo
900 1209 1032 1282 dissert.
1055 1215 1168 1304 Ueber
1205 1291 1208 1298 ,

68 1311 221 1400 Polybius
241 1310 464 1401 Dusteunng
483 1307 545 1378 rles
565 1309 779 1380 Achbischen
807 1310 943 1380 Bnndes
968 1313 990 1380 l.
1021 1319 1071 1399 c.)
1110 1317 1165 1384 Elo

72 1429 213 1506 qnoque,
235 1430 325 1506 quoe
346 1417 464 1479 contro
482 1405 704 1498 Phylorehnnr
729 1418 797 1480 tom
816 1414 1033 1482 vehementer
1053 1414 1168 1504 dispu-

72 1515 148 1582 torlt
167 1513 329 1602 Polybius
349 1512 422 1598 (11,
449 1511 536 1598 hb),
566 1513 785 1600 suspicionem
812 1515 846 1580 in
872 1515 980 1602 ipsum
999 1515 1171 1604 Polybium
1235 1567 1238 1570 -

73 1620 221 1702 mouent,
261 1632 359 1700 quun
392 1611 680 1700 commotionem,
713 1613 995 1704 malevolentium,
1032 1605 1171 1684 livorem

72 1720 162 1800 uque
181 1713 342 1782 invidiam
361 1713 397 1778 in
415 1708 645 1800 Cleomenem,
670 1711 768 1780 Arcti
787 1730 870 1781 voro
890 1711 1090 1784 defendendi
1110 1735 1167 1786 re-

73 1810 198 1882 doleont
218 1813 373 1882 monimo
393 1811 468 1893 (Ci.
488 1811 609 1882 oleoso
630 1817 665 1882 et
682 1812 794 1880 hncss
814 1813 848 1880 ll.
870 1816 939 1898 cc.)
1087 1861 1090 1870 .

145 1910 274 1996 Quibus
294 1913 395 1981 rebus
416 1913 574 1981 coniectis
596 1929 669 1978 cnm
689 1914 838 1980 exercitu
858 1913 892 1980 in
905 1913 1165 2004 Megalopolita-

72 2033 177 2084 norum
197 2015 288 2084 fines
307 2013 422 2103 irrupit
443 2010 640 2081 Cleomenes
670 2018 705 2080 et
736 2029 841 2102 egros
870 2012 1086 2102 depopulatus
1114 2025 1168 2084 est

72 2111 168 2200 (ernt.
194 2111 326 2186 Cleom.
357 2131 386 2182 ο.
418 2115 500 2198 le).
548 2108 621 2193 Quo
645 2112 734 2179 fecto
753 2112 1006 2182 blontlneenses
1028 2134 1166 2204 quoqne,
1224 2129 1227 2132 ·

74 2219 178 2282 coorto
199 2214 374 2302 seditione,
395 2214 513 2282 moltis
532 2211 817 2299 horedoemonils,
845 2214 960 2282 eiectis
980 2213 1039 2282 ont
1058 2217 1164 2282 truci-

74 2308 350 2395 summiserunt
369 2313 415 2382 ibi
434 2312 633 2380 Plutarchus
653 2310 777 2382 Cleom.
799 2316 849 2380 14.
881 2320 915 2381 et
942 2305 1100 2403 Polybius
1120 2317 1183 2405 lI,¹

72 2412 116 2500 58,
133 2417 163 2480 h
182 2418 232 2502 8)
253 2414 467 2484 Achaeorum
486 2411 672 2504 proesidlis,
687 2411 857 2484 Cleomeni
877 2414 992 2482 urbem
1012 2413 1163 2483 trodide-

74 2519 141 2581 runt
160 2514 300 2604 (Polyb
318 2515 378 2606 11,
392 2516 445 2582 88.
465 2514 551 2582 Plut.
572 2513 696 2587 creon.
717 2517 769 2580 14,
796 2516 892 2584 Aret.
913 2509 996 2600 bh).
1038 2511 1163 2596 Quibus

76 2609 222 2685 inirlern
254 2617 399 2704 receptis
429 2616 633 2704 pristinoque
662 2614 862 2702 reipublicae
889 2615 993 2682 iormo
1012 2618 1167 2683 restituto

77 2706 216 2800 'legerim
248 2717 416 2784 concessit
445 2711 642 2783 Cleomenes
670 2731 713 2780 ec
736 2711 866 2780 oleinde
896 2732 957 2802 per
985 2713 1166 2783 Mcodmm

77 2809 182 2880 itinere
200 2815 293 2883 lecto
313 2817 442 2884 Phoros
461 2815 631 2882 Acheloos
652 2827 841 2901 eggressus
862 2818 935 2899 est,
963 2819 1000 2880 ut
1026 2815 1081 2881 vel
1102 2812 1168 2881 de*

78 2922 233 3082 meret
254 2929 328 2982 oron
347 2916 470 3002 Arcto,
489 2915 546 2982 vel
565 2915 726 3004 ignovioe
754 2913 960 3002 opprobrium
988 2915 1052 3003 ipsi
1080 2931 1164 2983 eon-

554 3171 667 3270 pss.
781 3229 784 3236 ,

100 3295 206 3370 eludo·
225 3301 429 3366 Arbacem
443 3299 495 3364 ¹¹od
518 3297 795 3366 Hocarmoam
829 3302 981 3364 Actiones
1001 3301 1043 3364 do
1058 3318 1143 3384 pace

354 3399 551 3470 avoconem
570 3402 655 3464 inter
675 3407 709 3464 et
729 3400 885 3464 Achaeos.

143 3507 332 3602 ,sequentis
351 3513 432 3583 enni
450 3509 536 3607 (888
555 3531 587 3586 o.
607 3507 710 3605 Chr.)
729 3518 886 3603 proelum
906 3509 993 3600 opud
1008 3509 1165 3578 Achaeos

79 3605 272 3698 fungebatur
291 3613 504 3702 Hyperbotos
525 3613 634 3703 (Plot.
654 3615 751 3682 Aret.
780 3632 809 3680 c.
837 3615 890 3679 88.
919 3610 1043 3679 Cleom.
1064 3629 1093 3676 c.
1115 3611 1167 3677 li.

83 3701 162 3797 lb),
182 3729 278 3799 quem
296 3713 332 3780 in
351 3711 555 3800 Bymoeensi
581 3732 667 3805 ogro
694 3712 738 3780 od
767 3709 1046 3780 Hecatomboenm
1074 3715 1168 3794 tanto

84 3803 169 3876 clodo
198 3813 309 3880 eiecit
337 3810 552 3901 Cleomenes,
577 3821 614 3882 ut
644 3816 771 3884 Arctum
800 3813 947 3881 vicissim
978 3816 1168 3898 praeturam

84 3913 206 3994 imiter
225 3914 356 3981 insitorn
385 3914 549 3994 sulmiin
578 3915 680 3984 rebus
707 3915 833 3984 bellicis
860 3905 1029 4003 ignavium
1057 3910 1169 3978 subire

86 4017 249 4080 vererotm
267 4009 374 4106 (elno
395 4011 520 4084 Clean.
541 4033 572 4082 c.
593 4017 644 4082 18
672 4017 769 4084 Aret.
789 4032 820 4081 c.
840 4015 892 4080 88
908 4011 955 4080 ci.
985 4010 1101 4100 Polyb.
1122 4009 1168 4096 ll,
1296 4091 1300 4100 ¹

86 4097 160 4194 Pb}
183 4110 334 4200 Apporct
349 4114 448 4182 sinim
471 4131 523 4182 ex
541 4114 614 4203 his,
644 4107 800 4202 qnontrmn
830 4111 1026 4180 Plutarchus
1054 4109 1088 4176 in
1115 4107 1168 4174 his

86 4202 193 4276 tollen
220 4211 364 4282 historio
390 4217 542 4302 picem
567 4212 725 4302 Polybio,
759 4211 814 4300 oui
845 4209 946 4278 mrito
973 4204 1100 4296 quidem
1133 4209 1169 4273 et
