2864 4960
464 319 741 391 2-113-

10 507 11 510 ’
138 509 401 599 Philopoemeni·
428 525 485 576 rea
513 514 633 597 gestas
660 514 795 596 praeter
813 507 1024 580 Plutarchum
1044 529 1148 604 expo-

62 613 122 680 suit
140 627 268 698 quoque
287 609 371 678 libro
392 613 511 676 octavo
533 607 587 700 (c
607 609 767 694 tb-blt.)
793 609 994 699 Pausanias,
1020 614 1067 680 ita
1094 619 1148 680 ta-

63 729 147 798 men,
176 717 214 778 ut
241 710 486 799 comparatione
512 710 677 795 instituta,
707 729 774 775 uon
803 709 907 776 solum
928 731 972 778 ex
993 715 1151 780 communi
1206 739 1215 760 ·

65 811 280 897 ambulante,
301 809 430 896 Polybii
449 810 577 878 scilicet
597 810 702 875 tribus
724 807 767 874 de
786 809 1038 899 Philopoemene
1058 815 1151 879 libris

65 910 193 998 (Polyb.
215 910 252 974 X
253 911 388 997 ,.21,5
409 927 458 995 sq.
461 907 494 995 ),
519 906 580 976 sed
600 907 798 975 Plutarchus
819 909 918 976 etiarn‘
936 913 1073 1000 pleniori
1093 931 1152 980 ore

64 1010 207 1076 hausisse
236 1008 422 1080 videantur.
463 1007 588 1074 verum
612 1013 745 1095 praeter
772 1009 860 1076 hunc
885 1011 1012 1096 Polybil
1036 1013 1151 1078 librum

66 1110 218 1176 consuluit
237 1107 434 1174 Plutarchus
455 1108 683 1203 Aristoeretis,
700 1109 846 1176 incertae
865 1113 984 1176 aetatis
997 1113 1152 1198 auctoris,

66 1201 251 1274 Λακωνικά
271 1205 473 1300 (Athenlh
494 1229 554 1295 p.-
539 1204 625 1298 Ω.)
669 1203 813 1290 Quorum
832 1213 1003 1295 utrumque
1022 1195 1173 1277 fortuna*

67 1309 153 1376 nobis
172 1305 298 1375 invidit.

102 1407 179 1472 Τ.
192 1403 335 1487 Quinctii
347 1407 522 1474 Flaminini
538 1409 641 1474 vitam
662 1425 759 1494 quum
778 1409 1001 1516 perscriberet
1020 1408 1154 1474 Plutar-

68 1509 139 1574 chus
160 1505 204 1574 ad
224 1525 342 1574 manua
362 1509 401 1579 ei
415 1514 512 1574 erant
530 1508 699 1596 Polybius,
720 1509 803 1576 Iuba
824 1517 858 1576 ct
873 1495 999 1595 Livius,
1014 1511 1068 1596 qni
1082 1509 1155 1575 hel-

67 1608 124 1673 lum
142 1607 393 1676 Macedonicum
413 1610 550 1695 primum
569 1609 827 1697 descripserant.
868 1611 1101 1678 Narrationem
1113 1607 1156 1676 de

67 1710 182 1796 proelio
208 1708 252 1774 ad
279 1707 551 1796 Cynoscephalas
582 1713 753 1778 commisso
775 1727 818 1777 ex
838 1710 941 1776 Iubae
962 1712 1157 1776 auctoritate

68 1811 283 1896 composuisse
310 1805 451 1875 videtur.
492 1809 633 1876 Praeter
659 1809 721 1877 hos
747 1807 915 1876 Valerium
934 1811 1103 1878 Antiatem
1124 1815 1158 1877 et
1294 1895 1296 1898 Ι

65 1903 286 1996 Sempronium
307 1907 502 1975 Tuditanum
523 1912 647 1976 citavit.
839 1969 841 1974 .

139 2009 180 2075 In
201 2009 333 2075 Aemilii
352 2009 447 2075 Pauli
466 2011 538 2077 vita
557 2005 776 2076 describenda
797 2017 930 2075 secutus
952 2016 1005 2076 est
1024 2009 1157 2075 Plutar-

66 2107 143 2175 chus
163 2106 345 2196 Polybium,
369 2127 463 2196 quom
483 2111 556 2197 ipse
577 2109 718 2198 corrigit
738 2125 875 2196 quoque,
898 2111 1032 2194 eiusque
1052 2109 1086 2172 in
1107 2107 1159 2173 his
1194 2109 1203 2118 ‘

65 2195 161 2276 rebus
196 2208 400 2297 exponendis
429 2212 593 2276 asseclam
615 2207 781 2275 assiduum
816 2209 962 2295 bivium,
989 2214 1158 2293 testesque
1207 2275 1209 2282 ,

67 2308 144 2377 duos
172 2311 323 2376 oculatos
350 2307 537 2425 Scipionem
564 2294 726 2377 Nasicam
753 2315 788 2376 et
816 2308 1021 2376 Posidonium
1053 2326 1158 2395 quen-

65 2409 146 2498 dam,
165 2407 285 2478 Persei
303 2411 398 2499 regis
419 2412 589 2498 aequalem
611 2416 645 2477 et
666 2412 816 2478 comitem
835 2431 869 2477 ιιι
891 2411 933 2478 be
1000 2409 1160 2476 Romano.

74 2550 77 2562 ‚
144 2507 270 2592 omaus
298 2509 445 2578 omnibus
465 2513 658 2600 perpensis,
678 2513 765 2580 inter
785 2529 824 2578 se
839 2411 1045 2678 οοιῦιξ
1062 2517 1162 2596 atque

67 2613 136 2678 sine
162 2613 305 2699 partium
330 2607 438 2678 studio
465 2610 650 2680 diiudicatis
674 2613 740 2678 iam
767 2610 921 2698 adquae
985 2631 1070 2696 nem,
1098 2611 1164 2676 utri

66 2711 176 2782 horam
196 2713 402 2800 scriptoram,
422 2711 602 2798 Polybiono
623 2729 668 2778 cm
688 2711 876 2798 Plutarcho,
896 2713 999 2777 maior
1016 2711 1060 2776 sit
1079 2707 1163 2774 fides
1273 2743 1275 2748 ·

66 2809 282 2899 nihirmenda,
295 2811 447 2876 facillime
467 2810 669 2900 respondere
682 2813 835 2900 potueris.
864 2810 1061 2877 Plutarchus
1077 2809 1164 2876 enim

69 2913 160 2996 huam
186 2929 293 2998 aeque
319 2911 362 2976 ab
390 2911 539 2977 Achaeis
569 2916 604 2978 et
623 2911 730 2978 Arato
765 2915 865 2996 atque
885 2928 907 2975 a
928 2907 1104 2976 Cleomene
1126 2911 1163 2976 'el

68 3011 259 3100 Spartanis,
289 3011 489 3098 Flaminino,
517 3011 683 3100 Philippo,
714 3011 852 3078 Aemilio
879 3011 997 3102 Paulo,
1026 3009 1162 3096 Perseo,

67 3113 302 3180 Macedonibus
330 3119 365 3178 ct
393 3113 551 3179 Romanis
579 3111 667 3177 illius
697 3113 852 3200 temporis
881 3116 949 3176 tum
968 3110 1077 3198 patria
1097 3115 1164 3174 tum

68 3221 176 3282 aetate
197 3219 343 3280 remotus
364 3229 488 3278 summa
508 3211 680 3300 diligentia
700 3213 734 3278 ln
764 3209 928 3300 eligendis
950 3204 1163 3297 scriptoribus

69 3319 226 3382 versatus
245 3313 304 3402 sit,
331 3314 509 3380 electorum
536 3328 618 3379 vcro
638 3311 825 3378 testimonia
844 3313 976 3378 sincera
996 3309 1089 3376 nohis
1110 3313 1165 3375 at-

71 3433 131 3501 quc
150 3415 298 3481 irrincata
317 3412 510 3502 reddiderit,
537 3411 719 3480 doctrinam
738 3429 832 3478 suam
852 3413 1040 3476 immensam
1060 3407 1165 3495 nobis,

69 3513 304 3582 vividissimum
331 3513 459 3602 pulchri
485 3514 633 3600 rectique
653 3531 804 3600 sensum,
834 3511 995 3578 libertatis
1015 3507 1167 3596 publicae
1229 3509 1256 3568 .'

70 3632 223 3702 amorem,
245 3615 413 3706 ingenium
432 3613 573 3701 denique
593 3611 808 3699 iudiciumque
827 3609 985 3676 historiae
1011 3609 1105 3674 simul
1132 3613 1168 3674 et

70 3713 299 3803 philosophiae
315 3707 422 3783 studio
441 3715 615 3782 subactum
631 3713 822 3802 probaverit
842 3710 907 3802 (ci.
928 3710 1072 3777 Heeren.
1094 3709 1115 3772 l.
1139 3725 1168 3774 c.

72 3837 102 3902 p.
122 3817 234 3904 mc),
261 3819 456 3902 propterea,
488 3821 643 3902 quantum
673 3817 790 3882 nostra
816 3811 945 3899 quidem
965 3810 1029 3877 sert
1049 3807 1200 3896 opinio,-

73 3913 312 4005 praeierendus
332 3917 431 3982 etiam
451 3921 505 3982 est
524 3915 661 4004 Polybio
682 3920 718 3982 et
736 3929 866 4003 genere
886 3918 921 3979 et
941 3915 1052 3978 aetate
1073 3925 1181 3996 quam,

73 4017 215 4084 maxlme
235 4015 393 4096 Achaeo,
418 4020 453 4082 et
471 4015 586 4102 Livio,
616 4016 669 4102 qui
687 4015 830 4104 priorem
849 4011 939 4078 illum
958 4013 1170 4099 praecuntem

73 4116 188 4186 sedulo
207 4117 405 4184 subsecutos
420 4120 483 4182 est.
524 4111 585 4182 (lui
599 4113 1075 4202 pudemsententioenostrae
1088 4123 1171 4193 quo
1210 4145 1212 4151 ,

75 4215 170 4288 modo
190 4217 447 4288 sahdecerimus
467 4217 646 4303 insequens
666 4213 798 4286 docebit
817 4212 973 4302 narratio.
1285 4218 1291 4234 ‘
