2902 4956
487 341 823 451 ¹..5-*

89 561 161 631 lone
180 563 282 631 lones
302 564 550 654 cognominatos
571 583 648 633 esse
668 568 820 654 narrent,
841 573 875 637 et
895 567 1103 659 Thucydides
1122 571 1165 642 de

89 664 207 730 colonis
227 663 272 729 uh
291 665 548 731 Atheniensibus
568 643 670 733 milen
689 663 783 760 (non
802 665 881 736 dicit
901 669 1046 759 quidem,
1065 689 1165 758 quor·
1250 661 1255 670 ’

85 781 147 827 sum
166 763 223 829 ills
244 763 373 830 colonis
392 765 436 830 sit
455 766 556 831 misso
580 767 614 833 in
644 767 801 834 Asiumne
828 785 872 833 sn
898 768 932 834 in
957 767 1165 858 Peloponne-

87 856 176 952 sum)
195 861 306 929 trudet
326 863 379 929 his
399 863 511 934 verbis
530 861 593 958 (1,
612 859 691 958 &Jr
717 868 777 932 sol
797 863 938 934 πολῖται
958 863 1165 956 γιγνόμενοι,

88 955 179 1040 εὐθὺς
201 954 275 1029 άπὸ
297 962 454 1030 παλαιοῦ
471 961 577 1056 μείζω
606 958 656 1032 ἔτι
682 965 850 1057 ἐποίησαν
876 961 1001 1056 πλήθει
1026 965 1163 1058 ἀνθρώ-

175 1240 315 1311 pstrisqus
333 1243 439 1294 extum
455 1239 515 1296 siro
531 1240 672 1313 proiecte,
697 1241 733 1294 sd
756 1239 899 1301 Clisthsnis
924 1248 1038 1300 setstem
1059 1243 1088 1298 io
1112 1261 1163 1298 usu

175 1331 277 1380 retenta
296 1341 352 1380 nou
371 1334 472 1389 esseut,
501 1326 535 1382 eit
548 1327 634 1384 Krose
651 1327 744 1382 Helles
760 1330 781 1381 1.
800 1347 827 1400 p.
844 1329 897 1386 504
913 1346 988 1400 sqq„
1006 1331 1163 1402 praesertim

174 1428 254 1483 quum
273 1412 353 1472 noris
371 1413 526 1467 nominibus
548 1423 603 1468 tum
626 1413 719 1468 sedulo
746 1413 877 1468 studuisse
901 1413 1068 1487 reperiantur
1090 1417 1162 1471 illius

174 1497 286 1564 regionis
306 1497 429 1563 incolae,
449 1500 611 1573 utCecsopis
627 1498 707 1572 primi
725 1501 804 1554 huius
816 1500 932 1564 nominis
946 1501 1045 1568 tribur,
1065 1502 1163 1557 Cecro-

172 1583 278 1656 pidem,
298 1583 534 1650 Autoehthonem,
553 1587 680 1639 Actaeam
698 1595 726 1638 et
743 1585 874 1639 Porslism
892 1602 908 1638 s
924 1588 1031 1640 Cmnso
1048 1587 1078 1640 in
1096 1588 1162 1641 Cre·

171 1669 293 1734 nsidem,
314 1671 467 1737 Atthidem,
491 1673 659 1738 Mesogsesm
676 1680 705 1725 et
722 1671 864 1735 Discrids,
883 1681 912 1726 et
929 1671 963 1724 sb
981 1673 1162 1728 Erichthonio

169 1771 258 1812 rursus
275 1755 444 1820 inDisdem,
465 1756 659 1823 Athensidsrn,
677 1757 884 1814 Posidouisdesu
900 1767 931 1812 et
938 1757 1162 1830 ileplssestisdem

170 1849 373 1902 sommutsrsnt
391 1841 432 1896 Cf.
450 1843 551 1896 Pollux.
570 1843 667 1898 Ouum.
685 1845 801 1910 vl11,9.
820 1843 900 1914 Sync.
919 1847 977 1902 109.
995 1845 1093 1900 Verum
1112 1849 1163 1902 iou

170 1944 252 1998 mont
270 1917 507 2000 nusqusm'dtticis
524 1929 630 1996 regibus
647 1920 834 1986 adnumeretur
850 1930 1016 1998 factumest,
1036 1933 1163 1991 utllsoul
1235 1919 1238 1928 ¹

172 2012 303 2068 llochette
322 2031 428 2086 quoque
446 2015 540 2077 lones,
559 2015 593 2066 sb
611 2016 728 2068 Homero
745 2016 791 2084 (ll.
809 2017 891 2080 Xlll,
910 2018 970 2074 685.
988 2016 1023 2070 ci.
1041 2017 1162 2070 Euststh.

172 2098 207 2150 sd
223 2098 252 2152 h.
271 2099 289 2150 Ι.
308 2099 403 2156 lesch.
419 2102 449 2153 in
468 2101 538 2153 Pers·
558 2101 617 2158 176.
635 2107 664 2153 et
679 2101 754 2166 561.)
772 2103 868 2153 lsoues
885 2109 1014 2162 vocotus,
1042 2117 1104 2160 non,
1127 2099 1162 2152 ub

172 2186 252 2254 Ione,
271 2186 318 2239 scd
336 2186 371 2239 sb
390 2185 511 2241 tionibus
528 2185 657 2254 originem
669 2185 779 2239 traxisse
797 2184 930 2257 opinetur.
968 2186 1055 2238 Aones
1073 2192 1162 2238 sutem

84 2281 87 2286 '
170 2271 244 2326 sedes
260 2271 290 2325 in
308 2273 418 2326 Boeotis
437 2273 527 2341 (Pous-
546 2273 597 2338 tx,
615 2273 640 2330 5.
658 2271 745 2326 Strsb.
764 2267 809 2324 lii.
827 2289 854 2343 p.
872 2272 945 2338 597.)
963 2269 1117 2325 habuerunt
1134 2280 1163 2327 et
1196 2260 1200 2276 '
1230 2319 1235 2330 .

169 2369 232 2410 eum
248 2357 429 2417 Phoenicibus
446 2358 556 2413 sdvenis
574 2377 630 2416 sese
647 2355 845 2414 commiscuisse
863 2356 1048 2425 perhibentur.
1061 2359 1160 2412 -Piscet

170 2443 251 2510 igitur
268 2443 356 2498 Crusii
373 2445 419 2500 l·l.
437 2443 517 2501 docto
533 2445 629 2498 hesum
648 2462 737 2492 rerum
754 2439 895 2511 expositio.
930 2441 1074 2494 Muellerus
1091 2456 1161 2513 quo·

170 2545 221 2600 qus
239 2529 358 2596 (Dor-in
373 2531 405 2578 τ.
423 2533 444 2578 1.
461 2544 489 2596 p.
507 2525 582 2591 2³7.)
601 2523 680 2578 lones
697 2541 752 2578 non
770 2525 886 2580 eundem
903 2542 964 2580 com
983 2527 1098 2596 Pelssgr's
1109 2530 1159 2584 ht-

169 2614 231 2671 ticis
246 2619 327 2686 putst
342 2609 422 2663 fuine
438 2609 587 2681 populum,
605 2608 653 2664 ssd
669 2611 781 2675 milites,
801 2629 923 2686 quonum¹
937 2617 1094 2690 seispsppos
1115 2616 1158 2668 uel

169 2697 251 2754 duta
269 2697 369 2752 luerint
384 2693 490 2750 Xuthus
507 2701 535 2748 et
552 2696 612 2749 Ion.
637 2697 726 2766 Quem
751 2695 925 2768 posteriorem
949 2715 1032 2768 quum
1057 2694 1160 2751 Eleusi-

169 2785 228 2840 nios
245 2784 281 2838 sb
298 2785 432 2854 Eumolpo
450 2779 549 2854 (Strsb.
567 2781 642 2835 vni.
660 2799 688 2854 p.
706 2783 794 2851 383),
814 2783 858 2837 vel
876 2780 911 2834 sb
928 2779 1050 2836 lmsrsdo
1068 2780 1159 2852 (Pons.

170 2871 252 2926 Attis.
270 2883 294 2926 e.
313 2859 385 2940 38),
409 2867 545 2923 Threcum
562 2866 682 2936 regibus,
700 2873 864 2922 sustentstos
881 2866 1035 2934 devicisset,
1054 2867 1160 2926 serioris

167 2956 263 3011 scistis
283 2956 426 3027 scriptores
447 2955 552 3010 Atticae
574 2942 699 3032 iecerunt
719 2971 807 3022 regem
832 2953 933 3023 (Strsb.
959 2953 977 3005 1.
1004 2970 1028 3009 o.
1053 2955 1158 3011 Conon.

169 3042 272 3096 sams
296 3041 367 3112 27.);
395 3057 475 3114 qusm
497 3047 588 3094 temen
610 3040 667 3096 eius
690 3038 847 3107 dignitatem
870 3038 1076 3111 chronogrophi
1102 3059 1160 3096 nou

167 3133 324 3196 agnoscunt.
342 3127 383 3180 Ex
391 3127 481 3182 Attiou
493 3134 583 3180 sotem
592 3126 791 3198 Peloponnesus
802 3125 913 3180 colonos
925 3125 959 3178 ab
969 3127 1063 3180 lonum
1075 3127 1159 3198 stirpe

166 3221 312 3286 prognatos
330 3213 464 3286 occepisse
481 3211 603 3284 putanda
621 3219 668 3264 est.
703 3211 779 3263 Paos.
798 3209 865 3264 hch.
884 3227 907 3262 c.
927 3214 951 3264 1.
985 3211 1072 3264 Strsb.
1090 3211 1108 3264 l.
1134 3227 1158 3268 c.

167 3297 267 3354 Herod.
295 3295 363 3360 vn,
388 3298 440 3354 94:
470 3294 555 3362 Ἴωνες
578 3285 626 3364 δῖ,
648 3293 710 3353 ὅσον
734 3301 781 3370 pis
801 3294 895 3371 χρόνον
919 3301 944 3352 ὲν
970 3295 1158 3368 Πελοποννήσῳ

48 3391 51 3400 “
167 3391 250 3443 clusor
265 3381 313 3454 τὴν
328 3382 375 3440 ss‘s's
390 3388 542 3456 solsopsdssps
553 3378 684 3453 Ἀχαιίην,
700 3385 746 3448 καὶ
761 3385 821 3456 rupis
837 3378 972 3452 {Adeste
988 3405 1016 3437 ss
1032 3388 1077 3436 sul
1087 3380 1158 3439 Ξοῦ-

168 3479 221 3528 θον
237 3466 422 3534 iussimus&
445 3465 667 3540 Ilsloudrmoos,
688 3461 722 3532 ὧς
741 3462 859 3536 Ἕλληνες
881 3469 996 3536 λέγουσι,
1020 3471 1156 3526 issolduno

166 3559 301 3628 Πελασγοὶ
312 3558 461 3626 Αἰγιαλέες·
478 3559 521 3610 tut
537 3557 566 3610 di
578 3549 680 3619 Ἴωνος,
699 3550 747 3607 τοῦ
764 3550 889 3616 Ξούθου,
901 3549 995 3612 Ἴωνες.
1015 3547 1049 3600 ci.
1069 3551 1154 3606 Krtrse

166 3643 257 3696 Helles
275 3641 303 3704 1,
322 3658 350 3710 p.
368 3641 428 3694 506.
454 3638 573 3706 Hepnius
591 3637 621 3690 irs
637 3637 699 3690 Not.
717 3636 752 3686 sd
770 3634 895 3706 Apollod.
914 3635 944 3696 l,
962 3639 997 3698 7,
1024 3639 1049 3689 3.
1067 3636 1156 3720 ΡἎΘΒ.

166 3724 319 3782 summstirn
336 3724 407 3776 hsnc
424 3741 478 3778 rem
496 3724 533 3776 its
551 3721 655 3790 tetigit:
682 3721 801 3776 Xuthum
819 3721 864 3773 ulii
882 3719 913 3772 in
929 3711 1043 3773 Atticsr'n
1062 3726 1157 3774 contu·

166 3815 233 3884 gisus
242 3812 336 3884 ibique
343 3809 500 3880 Tetrapolis
509 3808 660 3864 condidisse
670 3816 786 3862 narrant.
805 3805 1018 3882 Posteumlonis
1026 3821 1119 3872 magns
1126 3805 1157 3862 in

166 3901 256 3956 Attico
272 3897 324 3950 suit
341 3895 486 3950 suetoritss
503 3895 631 3968 dicisque
649 3895 694 3947 ills
713 3893 747 3946 sb
765 3893 884 3947 colonis
902 3899 930 3945 et
947 3891 1054 3944 incolae
1067 3893 1155 3945 lones.

167 3985 221 4056 (ci.
239 3984 293 4038 loci
310 3999 389 4054 suprs
407 3981 482 4034 citati
500 3989 528 4034 et
544 3967 633 4036 schol.
653 3981 687 4032 sd
704 3981 781 4034 Hom.
800 3980 831 4031 ll.
851 3979 885 4042 V,
902 3978 975 4045 685.)
1008 3976 1074 4028 lude
1091 3993 1156 4050 pro·

98 4063 100 4070 ⁴
166 4069 222 4138 iugi
233 4071 314 4124 Ioues
332 4065 476 4122 obtinuere
484 4067 634 4134 Aegialesm
652 4063 852 4120 moxdchsism
870 4063 984 4129 dictsrn3
1004 4061 1091 4116 donec
1109 4077 1155 4114 es·

167 4156 237 4226 pulsi
254 4153 318 4208 iude
340 4152 512 4208 sb.Achseis
535 4151 636 4205 redicre
659 4152 688 4206 in
715 4149 845 4214 Atticum,
872 4148 920 4202 ubi
946 4147 1068 4201 coslocrs
1094 4159 1155 4202 enm

169 4241 291 4310 nemer
308 4258 334 4296 v.
351 4239 449 4296 neres.
468 4240 497 4304 ι,
515 4239 558 4298 ss
576 4237 618 4302 rr.
637 4239 679 4294 ss.
704 4265 707 4274 ·
