2902 4956
713 431 764 518 ᾗ·-
838 401 1011 474 68]-

316 579 382 660 nou
403 598 481 680 puto
500 592 572 658 iore
593 561 621 658 a·
635 591 802 679 proposito
823 595 938 658 uestro
962 590 1112 676 ahenum,
1133 590 1173 677 si,
1194 592 1306 677 utpote
1331 589 1366 654 in
1385 575 1437 656 re

190 751 192 760 ,
314 699 381 758 tam
409 692 571 779 ambigua
592 695 626 757 et
654 695 705 759 tot
735 691 939 779 opinionibus
970 707 1013 757 ac
1044 689 1419 775 coniecbrrisobnoxio,

314 793 472 879 expensis
504 793 594 879 prius
623 790 818 878 collatisque
845 791 961 857 horum
986 789 1133 856 thorum
1161 785 1286 852 indiciis
1320 793 1418 872 atquc

314 890 514 978 rationibus,
547 891 602 956 ubi
631 902 773 956 necesse
801 890 909 956 visum
927 889 1053 976 tuerit,
1084 905 1128 953 en
1157 887 1238 975 ipsis
1269 891 1420 953 veterum

314 999 483 1058 auctorum
510 991 642 1078 scriptis
678 1007 738 1056 eas
766 995 947 1078 temporum
972 989 1120 1056 rationes
1143 986 1309 1054 eruendas
1332 1005 1420 1052 com-

313 1089 548 1178 ponendasque
570 1106 743 1177 curemus,
770 1102 855 1177 quae
876 1090 972 1157 nobis
994 1087 1126 1176 quidem
1146 1085 1189 1152 ad
1216 1105 1336 1154 verum
1367 1105 1419 1152 re-

314 1208 386 1256 rum
406 1196 473 1258 tum
493 1195 666 1280 gestarum
687 1188 833 1258 ordinem
854 1187 1001 1277 proxime
1023 1185 1187 1254 accedere
1214 1189 1418 1272 maximeque

104 1315 109 1328 ⁴
193 1344 196 1354 ,
315 1292 520 1376 antiquonnu
540 1291 784 1358 narrationibus
804 1290 1003 1356 satisfacere
1022 1285 1209 1355 videantur.

397 1391 450 1456 llli
471 1397 580 1457 autem
601 1391 665 1454 viri
686 1406 783 1477 quum
802 1389 1009 1456 Graecorum
1027 1389 1237 1476 universam,
1257 1388 1316 1453 vel
1340 1388 1437 1472 certi¹

312 1488 481 1556 cuiusdam
516 1492 703 1580 scriptoris,
742 1496 889 1558 rationes
920 1489 1177 1578 chronologicas
1213 1489 1437 1554 tractassent

316 1591 503 1676 rectiusque
525 1594 789 1679 constituissent,
810 1591 981 1679 Bayerus,
1001 1591 1053 1656 vir
1068 1589 1317 1676 celeberrimus,
1339 1607 1437 1666 unus

315 1686 427 1758 dedita
448 1709 551 1778 opera
572 1692 837 1781 chronologiam,
867 1701 954 1777 quae
980 1703 1037 1755 res
1058 1689 1269 1756 Achaeorum
1289 1689 1418 1776 proprie

226 1809 228 1814 ·
317 1793 463 1882 spectat,
492 1795 678 1860 accuratius
699 1791 860 1880 disposuit
880 1789 1133 1877 emendavitque
1153 1791 1186 1857 in
1207 1789 1325 1856 Fastis
1355 1791 1437 1898 suisy

280 1909 283 1916 ’
318 1889 498 1966 Achaicis
525 1895 578 1958 in*
603 1891 854 1961 Conmentariis
897 1890 1100 1959 Academiae
1150 1889 1437 1980 Petropolitanaey

184 2057 186 2064 .
322 1986 385 2079 (Τ.
407 1988 449 2055 V.
471 2007 502 2078 p.
522 1995 595 2058 882.
616 1993 713 2083 sqq.)
735 1993 873 2081 mimum
893 1990 1005 2080 etius,
1036 2006 1118 2077 quos
1139 1993 1218 2056 aute
1247 1990 1312 2055 hos
1343 1989 1417 2056 hlll

299 2107 428 2157 annos
449 2091 572 2159 Christ.
583 2092 725 2182 Adelph.
746 2094 900 2161 Klotnins'
922 2111 995 2159 cum
1009 2091 1175 2178 opusculis
1190 2087 1233 2155 ad
1252 2085 1437 2157 historiam

320 2193 502 2280 antiquam,
531 2193 796 2282 chronologiam,
825 2191 1069 2285 geographiam
1097 2197 1132 2257 et
1152 2207 1222 2256 rem
1243 2192 1418 2288 numeriam

322 2293 549 2376 spectantibus
571 2293 716 2360 eiusdem
738 2297 883 2361 auctoris
905 2296 939 2360 in
966 2292 1130 2380 publicum
1158 2292 1275 2358 emisit.
1320 2287 1437 2376 Huius}

175 2429 182 2441 ·
265 2437 269 2442 -
322 2389 422 2476 igitur
443 2393 524 2479 viri,
544 2394 804 2482 recentioribus,
826 2394 881 2479 qui
901 2383 1113 2460 Achaeorum
1134 2388 1190 2458 res
1213 2393 1419 2478 conscripse·

320 2495 414 2576 runt,
443 2511 580 2578 prorsus
601 2495 723 2582 ignoti,
751 2492 966 2582 Helvingium
986 2493 1137 2580 intelligo
1159 2497 1193 2558 et
1214 2488 1437 2600 Schorniun,p

259 2600 263 2608 '
320 2586 471 2756 doctrliua
499 2595 632 2681 saepius
664 2613 726 2660 uos
754 2614 873 2662 usuros
906 2592 1158 2683 deprehendent
1185 2593 1336 2660 lectores
1364 2591 1417 2658 be-

322 2709 444 2759 nevor.
1436 2709 1437 2744 y

400 2793 617 2864 irenaeum
647 2793 790 2862 rameru
817 2793 999 2883 prunorum
1025 2795 1174 2864 reemm
1200 2757 1363 2880 Polybius
1391 2795 1418 2856 e

194 2917 196 2922 ·
322 2891 519 2962 Plutarchus
532 2893 575 2960 ad
589 2892 814 2984 Olympiadem
827 2897 1039 2964 centesimam
1052 2897 1241 2962 vicesimum
1263 2899 1418 2979 mrtem,

324 2989 367 3056 ad
398 2990 482 3058 idern
515 2993 586 3060 fere
615 3001 761 3083 tempus,
793 3015 857 3082 quo
888 2999 1038 3086 Pyrrhus
1068 2999 1103 3063 in
1129 2997 1258 3063 ltaliam
1279 2993 1437 3086 transiit}

74 3145 76 3154 ,
204 3097 223 3195 ”Ι
324 3090 440 3180 Polyb.
461 3093 506 3179 Π,
526 3099 578 3181 41,
600 3097 638 3160 l:
663 3089 852 3187 Ὀλυμπιὰς
873 3080 913 3185 ἧν
937 3088 1317 3186 εἰκοστῆτίαὶτετάρτη
1335 3087 1437 3182 πρόςῇ

326 3201 401 3268 ταῖς
429 3186 573 3271 ἑκατὸν,
604 3198 664 3260 ὅτε
683 3195 838 3285 Πατρεῖς
859 3191 1024 3286 ἤρξαντο·
1038 3205 1251 3289 συμφρονεῖν
1272 3201 1333 3261 καὶ
1355 3195 1437 3260 Aut

325 3302 433 3382 μαῖοι.
474 3293 523 3360 Id.
549 3296 600 3382 lt,
625 3299 767 3410 §leli
805 3302 888 3384 περὶ
909 3279 969 3385 rhu
994 3289 1152 3387 εἰκοστὴν
1173 3301 1231 3364 καὶ
1252 3291 1415 3381 τετάρτην

331 3386 546 3481 Ολυμπιάόα
569 3389 658 3480 πρὸς
679 3407 756 3475 ταῖς
776 3391 967 3464 ἑκατὸν-
987 3388 1082 3462 nard
1102 3388 1162 3481 τὴν
1187 3391 1329 3486 Πύρῥου
1352 3384 1437 3474 dud-l

326 3493 432 3567 βασιν
461 3495 509 3572 εἰς
538 3492 696 3562 Ἰταλίαν.
747 3497 824 3564 llae
843 3499 946 3586 igitur
967 3498 1123 3586 temporis
1144 3503 1245 3563 notae
1265 3489 1437 3563 Achaeo-l

326 3612 398 3656 nnn
416 3592 532 3660 foedus
554 3602 702 3662 exortum
722 3595 843 3664 docent
864 3594 915 3663 01.
930 3601 1010 3684 124,
1030 3601 1061 3662 4.
1077 3616 1106 3663 a.
1122 3597 1201 3664 Chr.
1215 3599 1308 3680 28¹l0.
1338 3596 1418 3660 Nam
1436 3567 1437 3662 l

233 3741 235 3746 .
326 3691 475 3777 Pyrrhus
500 3697 630 3762 transiit
657 3698 692 3762 in
721 3697 851 3762 ltaliam
882 3716 964 3763 vcra
992 3699 1072 3786 280,
1103 3697 1212 3783 ibique
1241 3671 1437 3762 Laevinunl

326 3795 492 3882 consulem
514 3799 633 3862 nactus
655 3802 716 3862 est.
758 3795 925 3864 Plutarch.
946 3795 1066 3884 Pyrrh.
1089 3801 1138 3861 lo.
1158 3797 1232 3864 Liv.
1255 3815 1306 3884 ep.
1326 3793 1417 3858 Xlll.

326 3907 413 3986 anno
435 3899 513 3959 ante
535 3913 631 3980 quam
645 3895 740 3962 Galli
754 3891 929 3962 Graeciam
949 3899 1160 3985 invaserunt,
1190 3893 1315 3964 duobus
1345 3899 1417 3958 onte

328 4009 424 4076 quam
444 3991 572 4059 cladem
592 3993 637 4060 ad
655 3993 804 4084 Delphos
825 3984 1035 4085 acceperunt.
1049 3997 1164 4084 Polyb.
1178 3999 1212 4084 Ι,
1233 4001 1270 4086 6,
1290 3983 1328 4062 5:
1353 3989 1416 4057 Τα-

291 4153 293 4168 ,
327 4099 501 4177 ραντῐνων
520 4129 563 4146 ·-
585 4089 883 4182 ἐπισπασαμένων
907 4092 1047 4185 Πύῥρου
1075 4100 1127 4180 τῷ
1152 4091 1326 4185 πρότερον
1358 4090 1417 4158 ἔτει

327 4195 387 4280 τῆς
408 4197 481 4260 ταῖν
502 4193 534 4260 Γ
531 4192 677 4263 alarum
698 4190 844 4285 ἐφόδου.
884 4197 933 4264 Id.
948 4199 998 4284 11,
1019 4199 1075 4283 2⁰,
1095 4201 1133 4261 6:
1157 4199 1272 4262 ταῦτα
1287 4193 1437 4288 (pugnes

234 4365 237 4370 ,
329 4293 549 4364 Romanorum
578 4303 650 4362 cunr
671 4296 778 4364 Gallis
798 4304 833 4365 et
854 4299 1009 4364 Etruscis
1031 4294 1074 4362 ad
1097 4296 1286 4364 Vadimonis
1306 4296 1419 4374 lacum,
