2902 4956
633 415 931 486 ...22-

175 615 177 622 ’
238 563 497 678 oxerchu'hanc
516 611 642 672 terram
660 602 779 672 dieitur
799 621 989 694 aggressus
1009 621 1098 691 esse,
1118 619 1140 670 a
1160 599 1339 703 Selinunte
1384 679 1388 683 ,

236 714 346 776 sutem
375 706 494 774 Helice
526 705 592 772 tilia
621 707 656 772 in
686 699 920 772 matrimonium
953 701 1033 771 dala
1066 707 1271 790 acceptaque
1301 703 1339 770 in

128 833 131 839 ¹
238 808 413 876 amicitiam
440 809 581 873 vocatus
607 822 670 872 rex
698 805 830 894 etipse
859 810 986 872 mortuo
1016 822 1137 872 socero
1159 805 1341 894 regionem

191 949 194 954 -
238 909 328 976 illam
356 907 489 995 imperio
519 905 715 994 obtinuisse,
744 906 859 974 urbem
884 905 1025 973 Helicen
1049 905 1087 971 in
1113 904 1227 972 uxoris
1254 921 1341 970 surae

240 1010 399 1078 honorem
420 1005 628 1095 condidisse,
647 1006 838 1092 incolasque
858 1003 880 1072 a
900 1007 952 1074 sui
971 1005 1108 1073 nominis
1129 1003 1341 1071 similitudine

238 1099 636 1196 Ionescognominsssc,
658 1107 712 1192 qui
731 1123 835 1193 usquc
856 1105 899 1173 ad
919 1102 1168 1173 Heraclidarmn
1188 1111 1341 1192 tempora

237 1227 395 1276 summum
428 1208 463 1274 in
495 1207 589 1274 Ionia
621 1206 679 1276 vol
712 1189 878 1296 Aegialeo
916 1205 1119 1298 ¹obtinuerint
1158 1205 1351 1293 imperium.-

237 1308 331 1374 vicis
351 1306 531 1395 duodecim,
552 1307 606 1393 qui
626 1307 780 1395 temporis
801 1302 961 1374 succe'ssn
981 1304 1025 1372 ad
1045 1307 1229 1394 nonaginta
1248 1305 1342 1370 aucti
1443 1315 1444 1322 ’

239 1406 395 1476 videntur
422 1404 444 1491 (
453 1404 566 1475 Strah.
587 1404 690 1494 vill,
709 1409 741 1473 t.
762 1429 794 1495 p.
814 1409 936 1496 m),
967 1403 1108 1474 conditis
1127 1407 1228 1474 lones
1248 1407 1340 1472 hanc

236 1507 410 1598 regionem
436 1506 625 1574 habitarunt
653 1506 716 1572 suh
743 1508 880 1597 regibus
905 1513 982 1596 post
1005 1508 1120 1575 Ionem
1144 1509 1221 1576 sine
1244 1507 1341 1594 prole

235 1613 396 1675 mortuum
423 1625 470 1674 ex
493 1607 623 1676 Achaei
652 1607 783 1675 familia.
824 1597 907 1675 Po'st
931 1606 1163 1676 Archandrum
1190 1608 1342 1674 enimet
1443 1615 1445 1702 ]

236 1708 442 1776 Archilelem
469 1707 592 1795 Pelops
622 1707 755 1794 eiusque
785 1708 911 1795 posteri
939 1708 1027 1774 hanc
1058 1725 1185 1794 quoque
1214 1712 1343 1774 terram

239 1825 312 1874 eum
342 1808 485 1873 maxima
514 1807 734 1896 Peloponnesi
764 1813 862 1894 parte
892 1805 1046 1875 videntur
1076 1807 1273 1894 obtinuisse,
1305 1811 1343 1890 et

239 1905 369 1994 quidem
398 1909 630 1996 Agamemnon
659 1908 736 1975 loelli
766 1906 902 1976 Troiani
929 1925 1033 1996 aevo,
1064 1913 1102 1974 ut
1130 1925 1175 1974 ex
1203 1907 1343 1974 llomeri

191 2015 194 2021 ’
236 2008 369 2076 navim
389 2008 546 2099 catalogo
568 2009 683 2077 coniici
697 2016 802 2114 'posse
822 2007 975 2076 videatur
996 2005 1053 2099 (v.
1073 2008 1308 2098 dlv-tm).

743 2171 854 2284 Η,

726 2297 825 2360 rores.

320 2405 425 2488 Quum
445 2413 554 2476 autem
566 2409 724 2476 llerculis
745 2410 870 2498 posteri
879 2412 916 2493 ι)
939 2425 1011 2476 cum
1024 2405 1242 2476 Doriensilrus
1257 2405 1342 2476 cou-
1446 2470 1447 2496 ,

136 2539 141 2561 r
236 2505 339 2573 iuncti
356 2510 392 2574 in
409 2509 672 2598 Peloponnesum
691 2510 915 2582 revertissent
935 2513 1035 2596 atque
1055 2511 1089 2574 in
1109 2505 1342 2576 meridionalcs

236 2608 431 2696 peninsulae
450 2615 582 2700 partes,
601 2609 804 2678 ltlesseuiam
824 2607 898 2676 dico
920 2609 1176 2696 ethaeorum,
1197 2609 1343 2698 impres-

336 2869 508 2934 Laomedon,
529 2871 645 2940 Sicyon,
666 2869 794 2939 Polybus,
814 2869 942 2933 Inachus,
962 2871 1083 2934 Phestus,
1103 2869 1240 2936 Adrastus,
1260 2870 1344 2939 Poly-

334 2955 446 3026 phides,
466 2958 605 3024 Pelasgus,
625 2957 775 3027 Zeuxippus
793 2957 883 3025 (Paos.
901 2957 943 3021 ll,
962 2958 980 3013 5
997 2965 1026 3010 et
1042 2957 1090 3026 6.).

289 3043 321 3109 1)
339 3041 469 3096 Hercules
486 3043 560 3098 euim
579 3061 661 3116 quum
684 3043 783 3096 frustra
805 3051 1061 3122 teutassctreguum
1081 3051 1237 3112 paternum,
1266 3043 1345 3116 quod
1408 3056 1410 3062 '

292 3153 296 3162 ·
335 3127 495 3198 Amphitruo
513 3137 624 3201 propter
642 3129 808 3198 Aleclryouis
826 3129 935 3182 caedem
953 3131 1044 3199 (Paua.
1057 3129 1102 3195 ll,
1123 3133 1166 3193 tt,
1187 3130 1239 3198 l.),
1259 3143 1345 3200 quum

334 3214 436 3268 invitus
453 3211 585 3284 Tirynthe
602 3223 772 3288 patraverat,
789 3215 915 3287 profugus
934 3215 1055 3288 reliquit,
1075 3231 1250 3286 recuperare,
1270 3216 1346 3269 eius·

336 3319 389 3372 qne
408 3301 479 3356 filius
497 3303 591 3372 Hyllus
610 3303 700 3373 (Paus-
720 3304 744 3367 Ι,
763 3307 813 3367 35,
832 3301 988 3367 o.1v,3o‚
1010 3303 1047 3370 l.)
1067 3309 1161 3354 contro
1177 3299 1342 3366 Echemnnn,

335 3388 512 3454 Tegeatarum
537 3406 641 3456 regem,
668 3390 698 3442 is
721 3390 869 3444 certamine
892 3388 1019 3456 singulari
1043 3386 1185 3442 cecidisset
1205 3387 1296 3456 (Paua.
1316 3387 1343 3454 1,

338 3469 391 3538 41,
410 3477 436 3534 3.
453 3473 504 3538 44,
524 3475 567 3532 14.
585 3475 666 3548 Vlll,¹
685 3476 703 3532 5
721 3483 748 3528 et
764 3473 807 3532 45.
831 3473 912 3530 Diod.
931 3475 984 3527 Sic.
1003 3473 1051 3554 lv,
1069 3473 1143 3545 se),
1163 3481 1243 3546 atque
1260 3473 1343 3530 huius

338 3555 418 3623 fitius,
438 3559 588 3613 Cleodsens
605 3561 695 3626 (Peus.
705 3561 757 3624 Ill,
779 3561 821 3628 15,
841 3563 896 3629 7.),
916 3560 1033 3631 eiusque*
1046 3577 1136 3614 rursus
1154 3561 1223 3613 filius
1240 3557 1345 3613 Aristo-

338 3643 450 3698 maehlus
470 3647 559 3714 (Paos
580 3645 625 3710 ll,
644 3650 674 3709 ⁷,
690 3653 724 3701 ¹7:
752 3645 785 3700 de
804 3644 928 3716 omnihus
945 3645 1044 3698 Herod.
1063 3646 1117 3712 VI,
1136 3650 1180 3704 52.
1201 3646 1287 3712 llepu.
1306 3644 1345 3698 ad

337 3729 462 3799 Apollod.
480 3749 507 3801 p.
519 3733 579 3788 ⁵0⁵.
592 3730 645 3803 sq.)
657 3731 760 3785 infelici
773 3732 884 3786 conatui
895 3750 944 3785 suo
957 3731 1154 3796 occubuissent,
1168 3730 1281 3797 contigit
1294 3729 1345 3783 de·

337 3814 436 3885 nique,
455 3823 486 3886 nt
504 3817 684 3870 Aristomachi
702 3817 765 3881 lilii,
784 3817 928 3884 Temenus,
948 3818 1139 3890 Cresphontes,
1159 3815 1345 3870 Aristodemus

338 3901 429 3967 (Peos.
448 3903 491 3966 11,
513 3905 609 3973 1,8,·6.
637 3901 699 3958 ¹coll.
725 3904 813 3958 Straba
829 3903 917 3968 llll,
937 3905 963 3960 6.
982 3921 1009 3975 p.
1028 3909 1088 3964 188.
1107 3903 1179 3974 etp),
1207 3908 1288 3973 atque
1306 3919 1341 3958 ea

340 3986 508 4068 Aristodemo
522 3976 577 4040 'itti
590 3987 770 4060 Eurryslheues
787 3998 815 4044 et
832 3990 949 4055 Procles,
970 4007 1052 4064 quum
1069 3997 1147 4059 pater
1163 4001 1256 4042 caesus
1274 3997 1345 4042 esset
1381 4028 1383 4040 ,

339 4070 431 4142 (Paos.
447 4073 499 4137 lll,
515 4077 541 4138 1,
554 4075 603 4145 5.),
624 4076 701 4130 sedes
718 4085 845 4148 paternas
862 4085 1036 4144 occuparent.
1063 4076 1135 4129 llius
1146 4074 1227 4142 igitur
1239 4090 1341 4139 omnes,

335 4157 386 4229 qui
409 4173 472 4210 cum
495 4159 619 4215 Herculis
641 4163 770 4235 posteris'
781 4181 841 4218 unu.
857 4164 1057 4238 expeditionem
1075 4160 1104 4214 in
1122 4161 1342 4234 Peloponnesum

340 4241 475 4306 iecerunt,
494 4244 562 4299 dicti
579 4255 642 4302 suut
658 4247 835 4315 Heraclides,
853 4251 978 4316 nomine,
997 4247 1039 4302 uti
1056 4247 1114 4302 fleri
1132 4248 1216 4313 solet,
1234 4263 1251 4300 a
1269 4245 1346 4300 duci·

338 4329 388 4386 bus
405 4329 501 4403 petito.
594 4359 598 4374 ι
