2864 4960
505 320 785 398 -125-

94 518 147 582 ius
175 520 284 582 tamen
314 510 511 579 sententiam
536 513 572 578 in
600 528 743 579 censura
763 513 834 580 eius
855 512 928 581 libri
949 512 1084 584 anobis
1105 529 1189 582 eon·
1263 525 1265 530 ’

94 615 217 701 scripta
236 603 371 680 uberius
395 611 617 680 refutavimus.

174 711 306 795 Quanta
326 705 407 779 vei-0
431 713 537 801 Arati,
559 713 589 778 si
610 713 769 781 hominem
789 733 850 802 per
870 731 908 779 se
925 713 1059 800 eiusque
1072 713 1189 780 buma-

96 831 180 900 nam,
201 815 306 888 utita
327 811 475 898 dixerim,
495 810 635 878 indolem
656 819 800 901 spectes,
817 813 999 882 tueritlaus
1013 819 1112 899 atque
1126 831 1189 880 ex·
1264 874 1268 882 .

94 914 257 998 istimatio,
279 911 416 979 historia
437 909 682 979 consuetudinis
704 915 774 979 eius
796 931 868 980 cum
880 911 1028 1001 Philippo
1042 913 1102 979 [ll.
1116 913 1191 979 sive

93 1011 146 1099 V,
165 1009 383 1080 Macedonum
404 1025 504 1099 rege,
534 1011 717 1080 luculenter
739 1011 852 1106 dooet5
881 1011 1060 1100 dequibus
1080 1017 1189 1081 tamen

94 1113 178 1178 irrina
197 1111 344 1201 pluribus
365 1124 536 1200 exponant
1229 1115 1233 1128 '

584 1272 699 1366 aa.

205 1383 214 1409 ¹
355 1395 456 1492 Arati
468 1397 574 1480 priora
594 1403 627 1470 et
650 1397 756 1480 altera
770 1403 937 1482 praem

175 1511 298 1580 Urbem
313 1513 451 1598 patriam
466 1512 601 1600 Aratus,
616 1511 702 1580 unde
716 1511 849 1586 divertit
864 1513 1020 1601 narratio,
1034 1512 1191 1581 Achaeo-

91 1631 164 1678 rum
177 1611 378 1700 reipublicae
392 1629 486 1698 quum
501 1610 706 1679 adiunxisset
719 1631 803 1700 equo
812 1615 929 1682 meruit
938 1611 1024 1703 apud
1034 1614 1191 1682 Achaeos

89 1731 153 1799 per
171 1729 236 1778 sex
255 1725 373 1797 annos,
396 1711 439 1777 ab
460 1714 580 1779 aetatis
599 1714 763 1804 vigesimo
783 1711 825 1780 ad
836 1715 1031 1806 vigesimum
1050 1719 1190 1802 sextum,

86 1813 259 1876 abl-24⁶
280 1827 310 1876 a
333 1808 422 1898 Chr,
443 1817 477 1878 et
497 1817 632 1902 propter
653 1812 880 1902 obedientiam,
901 1831 998 1900 quam
1016 1815 1191 1902 praestitit,

89 1910 267 1998 legumque
295 1905 540 1978 observantiam
567 1929 589 1977 a
615 1913 883 2000 magistratibus,
915 1931 1050 2000 quorum
1080 1919 1190 1980 tamen

90 2011 223 2076 nomina
243 2011 442 2098 ignorantur
461 2017 596 2098 praeter
615 2012 721 2080 llarci
742 2011 956 2099 Oerynensis,
977 2015 1031 2099 qui
1052 2013 1190 2078 alteram

62 2163 64 2170 ,
89 2126 183 2173 suam
203 2095 315 2196 gessit
334 2115 522 2197 praeturam
542 2125 631 2176 anno
652 2107 809 2196 Sicyonis
829 2110 999 2198 liberatae,
1019 2109 1190 2186 admodum

91 2215 143 2276 est
162 2207 315 2276 dilectus.
357 2209 579 2296 Praetoribus,
600 2211 674 2278 sive
694 2209 873 2298 Dymaeus,
894 2229 956 2278 seu
972 2211 1189 2300 Tritaeemsis,

90 2327 150 2374 seu
172 2327 219 2376 ex
238 2309 348 2395 aliquo
367 2309 432 2376 alio
454 2308 572 2398 oppido
593 2313 702 2398 osset,
734 2307 822 2378 dicto
843 2307 981 2378 audiens
1002 2312 1100 2378 enixe
1119 2311 1190 2400 tuit,

90 2409 219 2494 sibique
232 2407 298 2475 luae
317 2425 356 2476 re
377 2415 411 2476 et
428 2409 624 2478 liberalitate
643 2429 704 2478 sua
722 2412 865 2500 gloriam
892 2412 1073 2498 famamque
1099 2429 1191 2479 sum-

90 2524 177 2575 mam
207 2509 393 2576 conciliavit
423 2512 610 2599 efleeitqrm,
640 2518 677 2578 ut
708 2512 752 2578 ab
780 2530 867 2580 anno
897 2513 1062 2601 vigesimo
1091 2517 1189 2580 sexto

90 2610 212 2676 aetabs
232 2625 315 2676 auae
335 2607 379 2677 ad
400 2617 580 2678 extremmn
605 2613 697 2679 vitae
725 2617 870 2700 tempus,
899 2614 964 2680 etsi
992 2631 1061 2678 non
1086 2616 1190 2700 esset,

90 2707 261 2776 videretur
290 2714 401 2776 tamen
432 2728 509 2778 asae
539 2717 673 2800 praetor
702 2727 744 2778 ac
763 2729 903 2802 praeses
923 2711 1133 2780 Achaeorum
1153 2715 1189 2778 et

89 2810 254 2900 Antigoni
274 2807 443 2897 donatas,
470 2815 539 2878 run
558 2808 775 2879 Macedonum
804 2813 913 2901 regis,
936 2809 1189 2878 ¹admirationem

92 2915 193 2996 atque
223 2911 394 2977 amicitiam
423 2909 506 2979 adeo
528 2911 591 2980 sibi
613 2917 827 2998 compararat.

171 3005 268 3090 ssuaa
287 3023 369 3078 vero
390 3027 451 3098 per
470 3011 533 3078 hos
553 3029 616 3082 sex
636 3027 743 3078 annos
764 3012 805 3078 ab
832 3009 979 3077 Achaeis
999 3015 1102 3100 gesta
1122 3010 1189 3077 sint

90 3108 301 3198 ignorantur,
320 3125 385 3177 mac
404 3107 558 3180 videntur
578 3115 757 3178 memoratu
777 3107 912 3198 rbguum
925 3111 1079 3208 gessisse
1093 3107 1189 3197 quid-

91 3227 201 3298 quamn,
230 3211 379 3297 promam
410 3227 542 3300 omnes,
573 3217 729 3299 quotquot
748 3213 843 3298 movi,
864 3213 1044 3299 scriptores
1065 3213 1188 3296 tacent,

90 3315 229 3397 praeter
249 3329 346 3376 unum
367 3311 516 3398 Arataei,
537 3325 632 3398 quem
651 3328 713 3400 per
732 3313 790 3376 illa
810 3316 957 3398 tempora
978 3316 1109 3406 operam
1125 3307 1188 3375 de-

89 3409 183 3478 disse
204 3409 306 3476 refert
325 3409 522 3484 Plutarchus
541 3407 597 3504 (in
618 3405 1078 3500 Aratvit.o.12-1tl.],ut
1096 3409 1189 3476 urbis
1314 3419 1318 3425 ’

89 3511 223 3598 patriae
243 3510 391 3576 instituta
411 3509 641 3584 corroboraret
660 3527 841 3599 pacemque
859 3525 901 3575 ac
921 3507 1187 3595 tranquillitatem

91 3609 224 3678 civibus
244 3611 313 3677 suis
333 3612 533 3678 restitueret.
815 3694 818 3699 .
1135 3673 1146 3696 ,

172 3708 303 3778 Exules
324 3710 409 3776 enim
429 3727 525 3796 quum
544 3709 670 3798 placari
690 3727 756 3776 non
776 3712 914 3798 possent
934 3712 969 3774 et
980 3704 1187 3796 praeliorum

90 3827 227 3876 suorum
247 3827 461 3897 possessores
480 3811 681 3899 flagitarent,
702 3811 818 3876 cicutas
838 3805 996 3896 Sicyonia
1015 3809 1049 3874 in
1072 3813 1187 3875 extre-

90 3927 177 3974 mum
196 3909 376 3998 pericnlum
396 3909 496 3976 vemt
539 3904 649 3988 Quare
669 3910 815 3996 unicam,
843 3923 929 3993 qaae
954 3907 1081 3994 reliqua
1102 3913 1186 3996 erat,

90 4025 185 4096 spem
212 4009 247 4073 in
272 4008 454 4078 Ptolemaei
480 4006 677 4076 liberalitate
703 4008 811 4094 posuit
839 4023 943 4096 eoque
966 4009 1132 4096 navigare
1152 4013 1187 4074 et

92 4123 210 4196 regern
229 4126 354 4196 rogare
374 4108 558 4194 constituit,
588 4113 624 4174 ut
644 4111 786 4196 argento
806 4106 868 4172 sibi
882 4097 930 4172 bd
951 4104 1186 4198 conciliandam

93 4208 261 4276 deitatem
280 4223 373 4276 suam
393 4196 593 4276 'subveniret
635 4203 745 4274 Solvit
764 4225 808 4276 ex
827 4205 984 4278 Methone
999 4223 1100 4294 supra
1109 4203 1186 4272 lla·
