2864 4960
385 413 389 424 ·
433 400 483 416 -
549 369 620 444 133
682 401 731 416 -

57 565 109 656 t).
130 561 224 630 ··Ncc
250 559 349 629 multo
376 563 453 648 post
481 557 620 626 Aetolos
650 575 722 625 oum
750 555 912 626 Perdicca
938 555 1130 633 coniunctos

57 663 215 753 reperimur
245 666 360 730 contra
380 659 589 747 Antipatrum
609 659 815 746 reliquosque
837 657 1001 728 Graeciae
1021 677 1130 727 vexa-
1278 677 1282 694 *

58 771 131 831 tores
148 762 256 836 (lliod.
277 758 346 828 Sic.
373 761 499 846 XVlll,
513 781 515 792 ·
528 759 605 845 88).
641 759 810 848 Prologis,
840 775 921 846 quos
951 761 1129 850 Antipater
1213 753 1214 760 '

58 862 259 930 crudelissime
279 857 548 949 persequebotm,
568 859 701 936 Aetolis,
713 858 874 946 refugium
888 857 1021 928 dedisse
1032 858 1129 949 idque

56 964 155 1030 locum
174 978 299 1030 summa
317 955 415 1027 laude
435 979 497 1048 per
515 959 691 1028 Graeciam
711 958 913 1027 celebratum
925 977 1003 1028 esse
1016 965 1131 1030 nanat
1223 959 1225 968 ’

57 1062 189 1152 Polybius
207 1059 283 1158 (lx,
298 1055 387 1152 Ἡ.)

125 1158 212 1244 Guce
233 1160 362 1249 quidem
382 1161 491 1230 omnia
510 1157 640 1248 aliaque
660 1161 852 1230 Aetolorum
872 1161 1046 1250 praeclare
1060 1162 1129 1232 ior-

58 1264 177 1350 titerque
195 1267 307 1351 gesta,
328 1278 413 1348 quae
433 1261 679 1328 accuratissime
699 1260 811 1328 Lucas
831 1261 867 1346 (l.
889 1279 919 1328 c.
939 1258 1016 1328 inde
1032 1278 1131 1351 apa-

58 1364 195 1450 ginatil.)
207 1362 373 1452 sing-olari
392 1359 566 1452 diligentia
585 1361 747 1449 exposuit,
768 1361 931 1449 reputanti
951 1362 1008 1430 vel
1028 1361 1131 1430 invito
1228 1407 1247 1454 4

59 1463 349 1530 commiserationem
368 1481 478 1531 rerum
491 1460 655 1530 Graeclae
674 1467 742 1529 tum
761 1463 941 1531 miserrime
953 1459 1131 1551 disposita-

59 1581 112 1629 rm
129 1568 323 1652 extorquent
343 1562 502 1651 simulque
521 1563 652 1650 docent,
665 1562 797 1650 quanli
810 1562 965 1632 fallentur
978 1563 1130 1654 egregie,

59 1664 98 1748 qui
121 1663 258 1732 Graecis
278 1667 399 1732 natura
419 1665 493 1753 ipsa
512 1663 604 1732 velut
623 1665 769 1730 innatum
787 1662 891 1731 fuisse
910 1681 1019 1732 rerum
1040 1681 1131 1733 com-

58 1763 125 1829 nuni
143 1764 278 1832 consilio
293 1762 516 1852 gerendarum
530 1763 670 1832 animum
684 1765 806 1850 opinati
819 1765 895 1832 sint.
936 1763 1032 1833 llaec
1046 1765 1132 1832 enim
1187 1835 1191 1848 ,

58 1880 145 1952 gens,
170 1865 263 1932 cuius
290 1863 419 1954 copias,
450 1882 548 1954 opas,
576 1881 636 1932 res
663 1863 750 1933 bello
776 1869 896 1954 gestas
925 1865 1131 1953 admiramur,

58 1961 270 2046 qomeodem
290 1968 454 2052 tempore,
480 1981 545 2052 quo
564 1963 690 2030 Aratus
711 1961 889 2052 Sicyonem
908 1964 1056 2032 Achaeis
1077 1971 1131 2033 at·

58 2061 155 2150 trbmt,
175 2062 414 2154 cephaleniam
426 2064 577 2152 insulam,
597 2063 717 2132 multas
730 2065 764 2132 in
778 2065 965 2153 Thessalia,
977 2064 1132 2152 Phocide,
1230 2139 1233 2146 ,

58 2157 270 2232 inhocrorum
290 2159 467 2232 Ozolarum
487 2168 522 2232 et
541 2165 754 2232 Acarnanum
774 2164 891 2233 tirribus
907 2165 1018 2252 urbes,
1032 2169 1131 2252 atque
1229 2249 1232 2256 ,

59 2258 123 2329 odeo
140 2265 172 2332 io
190 2264 423 2353 Peloponneso
451 2281 525 2332 cum
553 2265 649 2333 Eleis
674 2264 752 2334 inde
770 2265 813 2334 ab
832 2265 1017 2342 Aristotimi
1036 2265 1132 2334 lilio-

58 2381 113 2430 mu
128 2366 441 2455 (nonhlpirotarum,
458 2368 496 2433 ut
514 2365 599 2435 falso
620 2367 722 2435 refert
741 2368 855 2436 lustin.
873 2369 995 2456 xxvi,
1011 2367 1056 2445 1.)
1074 2369 1132 2454 ty·

59 2463 134 2528 raoni
161 2470 311 2555 tempore
337 2466 531 2534 societatem
555 2467 698 2535 iunctam
724 2467 881 2537 babuisse
909 2473 945 2534 et
972 2465 1131 2557 Tegeam,

59 2553 292 2652 Orchomenum,
309 2563 576 2655 Mantineamque
584 2565 707 2637 ditione
716 2572 865 2636 tenuisse
878 2568 999 2636 scimus
1007 2568 1134 2647 <Lucas

59 2665 172 2755 pra),
199 2667 314 2736 statim
335 2683 408 2732 cum
427 2672 593 2736 renovato
614 2667 824 2736 Achaeorum
843 2666 978 2735 foedere
998 2671 1033 2733 et
1052 2685 1134 2754 pro·

58 2765 115 2846 pter
141 2767 275 2834 insitam
303 2765 540 2856 improbitatem
570 2769 807 2855 avaritiamque
836 2772 872 2836 et
907 2764 1043 2834 consilio
1069 2765 1133 2833 isto

59 2857 176 2934 Graccis
191 2865 322 2956 quidem
341 2867 631 2957 perniciosissimo,
651 2869 733 2957 sore,
749 2876 786 2934 ut
798 2867 1010 2934 Achaeormn
1022 2865 1134 2933 socie-

57 2964 139 3032 taiem
157 2965 344 3036 disturbent
363 2967 581 3058 singulasque
606 2968 707 3038 urbes
734 2967 797 3035 sibi
822 2966 961 3034 infestas
981 2961 1134 3053 reddant,

57 3063 150 3132 uiuo
169 3073 326 3156 quantum
346 3084 539 3157 quocunque
557 3067 653 3137 modo
672 3071 827 3158 poterant
846 3065 993 3135 Achaeis
1009 3061 1135 3134 adver-

57 3164 109 3229 sati
126 3173 209 3235 sunt
229 3165 299 3249 (Gi
318 3167 404 3236 Plut
424 3167 590 3238 vitArat
611 3185 641 3234 c.
660 3168 893 3238 aAetolorrm
912 3163 990 3234 adv.
1010 3161 1133 3253 Sicyo-

56 3277 117 3330 nem
133 3267 324 3356 expeditio.)
1047 3271 1048 3276 ’
1237 3336 1240 3340 ,

122 3361 214 3446 ouou
233 3370 341 3456 ipsum
359 3367 513 3456 Polybius
533 3367 717 3456 respiciens
742 3367 828 3436 iusto
855 3361 994 3453 quodam
1021 3357 1136 3430 dolore

56 3463 189 3545 perfusus
210 3471 437 3556 couceptoque
456 3485 501 3534 ex
519 3465 635 3536 dolore
655 3465 730 3534 odio
750 3467 785 3533 in
804 3461 993 3554 Spartanos
1013 3465 1049 3532 et
1062 3462 1136 3528 Ae·

56 3562 136 3652 tulos,
154 3583 238 3654 quos
259 3583 356 3654 quum
374 3566 477 3634 libros
497 3586 577 3634 suos
597 3566 825 3634 conscriberet
839 3563 980 3632 maxime
992 3563 1026 3628 in
1038 3560 1136 3649 culpa

56 3656 142 3732 fuisse
159 3666 392 3755 arbitrabatur,
423 3664 509 3753 quod
528 3665 669 3735 Romam
689 3663 822 3732 tandem
842 3671 963 3730 cuncta
990 3659 1137 3730 Graecia
1155 3739 1158 3744 ,
1179 3733 1181 3740 ,

56 3762 134 3844 potiti
152 3771 266 3856 erant,
298 3767 633 3854 acriterubicunque
652 3770 763 3854 potest
783 3763 965 3850 invehitur,
996 3761 1137 3828 Aetolos

55 3873 124 3930 vero
142 3865 288 3954 inprimis
307 3865 473 3935 Graeciae
491 3865 678 3954 proditores
705 3869 825 3952 vocat,
851 3877 959 3950 nequa
978 3865 1089 3928 tamen
1104 3857 1138 3926 id
1215 3887 1216 3892 ¹

56 3960 127 4049 agit,
145 3973 182 4034 ut
201 3984 315 4035 eorum
333 3964 504 4035 historiam
522 3965 588 4032 lmc
607 3964 790 4032 acerbitate
809 3961 972 4052 depravet
988 3965 1046 4028 aut
1059 3977 1137 4027 cor-

56 4069 180 4150 rumpat,
219 4065 307 4134 ilinc
326 4083 411 4133 sane
430 4079 554 4154 operae
572 4063 712 4153 pretium
731 4067 785 4132 est
804 4061 940 4132 duorum
962 4059 1054 4127 urbis
1074 4075 1138 4125 no-

57 4159 137 4228 strae
155 4163 311 4254 uirorum,
329 4163 511 4234 Drunnanni
537 4163 576 4244 (l.
597 4181 627 4230 c.
646 4185 678 4252 p.
691 4163 764 4234 Aba
785 4169 873 4248 sqq.)
900 4165 936 4227 et
964 4159 1079 4225 Lucae
1098 4157 1137 4235 (1.
1219 4228 1224 4234 ,

59 4270 83 4316 ⁰·
100 4279 128 4344 p.
146 4261 198 4328 to.
219 4273 309 4353 sqq.)
335 4263 379 4334 de
398 4261 549 4354 Polybio·
561 4280 671 4334 rerum
699 4261 922 4331 Aetolicarum
943 4261 1137 4328 enarratore
