2864 4960
462 367 760 442 ...89-

73 567 129 628 tm
148 559 297 647 colligas
315 576 360 626 cx
380 553 527 645 unnoyu
548 554 591 644 V,
606 559 658 622 tr.
679 563 714 624 et
733 556 951 647 Achaeorum
970 559 1004 626 iu
1024 577 1159 646 qnorum
1287 608 1291 620 .

72 657 193 728 loedere
209 659 398 726 recentiore
419 662 529 724 aetate
549 656 639 724 claro
660 658 771 744 prisca
791 659 991 746 potissimum
1011 659 1160 728 insitum

72 765 192 826 retenta
213 767 407 846 cernuntur,
429 757 607 826 decemviri
627 762 705 824 suut
726 758 932 848 δημιουργοί
946 780 974 826 so
992 761 1157 848 δαμιουρ·

28 917 33 936 ,
70 866 124 944 ooo.
162 859 283 946 Polyb.
304 861 423 946 xxiv,
444 859 475 922 o.
495 859 569 924 miv.
590 861 726 946 xxxii,
740 861 791 922 aa.
812 860 989 948 xxxvuq
1008 860 1157 928 comm

70 955 153 1024 Anat.
168 976 196 1024 c.
211 961 266 1024 48.
288 957 381 1024 Idem
400 959 623 1047 magistratus
635 959 819 1038 nominetur
832 961 867 1026 in
880 961 1045 1048 Aegiensi
1064 961 1158 1036 titulo

71 1075 113 1144 ap.
142 1041 280 1144 Cyriac.
309 1059 373 1146 Ap.
403 1057 584 1124 Thessalos
613 1059 724 1146 Etym.
745 1057 790 1124 Μ.
812 1064 848 1125 et
865 1057 990 1126 Zoner.
1012 1079 1040 1126 s.
1060 1076 1094 1125 u.
1116 1060 1157 1126 ci.

70 1155 207 1224 Boeekh.
229 1155 332 1246 Corp-
352 1159 505 1245 Inscript.
532 1157 606 1226 Vol.
631 1161 658 1226 1.
679 1180 712 1248 p.
732 1159 776 1225 Π,
797 1158 841 1224 N.
862 1162 894 1224 4.
915 1163 950 1226 et
969 1181 1000 1246 p.
1021 1162 1094 1226 711.
1114 1161 1159 1226 Ν.
1249 1151 1251 1156 ’
1312 1213 1315 1220 .

70 1257 141 1320 1542
161 1261 195 1323 et
216 1260 313 1324 154⁸.
334 1256 496 1324 Videntur
529 1264 640 1325 tamen
661 1265 695 1324 et
715 1259 920 1348 singularum
940 1260 1066 1346 urbium
1085 1275 1159 1324 ma·

70 1355 219 1441 gistratus
240 1355 375 1426 nomine
400 1360 456 1426 vel
484 1359 577 1428 titulo
603 1357 847 1449 damiurgonum
873 1359 976 1428 luisse
1003 1359 1160 1448 insigniti.

71 1453 112 1520 el.
130 1456 281 1526 Boeckln.
304 1460 326 1526 l.
348 1477 377 1524 c.
396 1459 442 1525 N.
464 1461 555 1525 lica

139 1873 258 1964 Leges
280 1875 368 1962 quod
388 1878 524 1965 attinet,
554 1867 671 1963 quibus
692 1883 813 1946 eunom
832 1879 1043 1948 Achaeorum
1062 1879 1160 1946 insti-

72 1977 131 2040 tuta
157 1977 367 2065 nitebantur,
393 1978 540 2045 nonnulli
559 1974 624 2044 viri
644 1976 733 2046 docti
752 1985 928 2067 propterea
948 1985 1015 2048 tam
1035 1997 1161 2066 paucas

71 2075 319 2166 ascriptoribus
347 2075 443 2146 nobis
472 2095 550 2144 esse
570 2075 718 2166 proditas
739 2080 938 2166 existimant,
960 2077 1044 2165 quod
1066 2095 1162 2143 nemo

73 2173 130 2242 lere
149 2195 274 2268 eormn,
295 2180 351 2265 qui
371 2198 431 2266 per
450 2177 626 2245 Graeciam
646 2171 767 2244 itinera
786 2167 936 2266 fecerint,
952 2181 986 2244 in
1001 2177 1161 2244 Achaiam

72 2275 266 2369 migraverit,
290 2285 388 2366 atque
408 2278 492 2347 adeo
512 2279 639 2346 incolas
658 2279 750 2366 ipsos
764 2271 900 2368 propter
913 2295 1071 2368 agrorum
1090 2282 1163 2342 ste-

73 2374 212 2445 rilitatem
231 2381 402 2466 marisque
421 2383 597 2447 inaccessa
616 2380 729 2466 litora,
749 2379 884 2467 rupibus
917 2380 1161 2466 circumcincta,

73 2477 143 2542 coeli
158 2477 303 2568 denique
323 2479 410 2550 baud
430 2479 602 2548 iucundam
621 2481 821 2568 temperiem,
842 2482 1069 2548 commercium
1090 2494 1164 2546 cum

75 2580 184 2644 exteris
208 2581 342 2670 populis
370 2599 476 2670 agere
502 2601 570 2649 non
596 2581 702 2648 'iniisse
723 2582 848 2648 solitos.
882 2583 938 2647 *At
958 2587 1163 2668 quantopere

74 2684 171 2746 errent
190 2681 418 2768 unusquisque
438 2683 585 2770 proiecto
605 2681 781 2769 intelliget,
808 2679 979 2766 qui-modo
1000 2679 1163 2746 audiverit

74 2791 207 2868 unquam,
227 2781 413 2870 Polybium,
434 2785 627 2871 scriptorem
647 2781 735 2846 illum
752 2797 864 2846 rerum
875 2779 1094 2846 Achaicarum
1112 2779 1163 2843 in-

74 2877 170 2958 primis
189 2880 352 2969 sedulum,
373 2888 485 2950 natum
503 2885 549 2952 ibi
568 2882 806 2968 educatumque
826 2897 905 2948 esse
918 2885 1018 2966 utque
1032 2878 1163 2974 epatre

74 2970 211 3049 hbbm'sse
231 2980 469 3050 hereditariam
489 2986 584 3072 quasi
605 2979 769 3072 quandam
789 2999 862 3048 cum
881 2981 982 3049 rebus
1003 2979 1162 3048 Achaeo

74 3088 134 3142 rma
158 3081 302 3169 publicis
329 3082 582 3172 domesticisque
609 3084 873 3153 communionem.
926 3080 1060 3149 Videbit
1088 3080 1163 3146 sine

74 3169 158 3246 dubio
184 3198 285 3270 quam
311 3180 628 3253 contraventurum
654 3185 702 3252 illi
731 3186 795 3253 viri
815 3183 969 3274 graviter
988 3183 1187 3268 loquantur,

77 3270 132 3354 (ef.
151 3278 238 3350 cast
260 3282 460 3352 uesomouoo
480 3284 743 3354 aeconomum
763 3287 829 3352 sen
847 3275 1163 3352 maxsumum.

74 3367 201 3468 laipmg
230 3380 366 3475 lm),
394 3387 449 3474 qui
467 3388 649 3454 meroinerit
675 3385 874 3453 Pausaniam
899 3385 1162 3470 Peloponnesum

75 3483 268 3568 leragrasse
295 3492 395 3572 atque
420 3473 732 3564 Aeliaicirtoederis
752 3486 872 3552 famam
890 3501 952 3572 per
971 3485 1075 3549 totum
1094 3484 1162 3545 mm

75 3576 216 3664 temporis
238 3583 352 3652 orbem
370 3591 534 3653 terrarum
551 3587 656 3654 inisse
671 3585 876 3674 divulgatam
894 3581 1161 3669 dissipatamque.

76 3663 246 3750 llolendum
266 3697 349 3752 sane
370 3693 423 3754 est
442 3689 634 3776 scriptores,
646 3688 702 3773 qui
721 3687 755 3752 in
770 3682 955 3751 rebus-illis
975 3680 1161 3778 designan-

77 3761 121 3835 dis
145 3775 220 3850 mint
247 3786 394 3874 versati,
425 3792 493 3854 tam
521 3803 629 3876 pauca
656 3785 700 3852 de
719 3785 850 3873 legibus
870 3782 967 3850 nobis
988 3783 1161 3872 retulisse3

78 3873 364 3981 quaeritamus
392 3885 588 3954 attendimus
615 3884 659 3952 ad
685 3887 836 3953 instituta
861 3889 1028 3972 totamque
1053 3883 1160 3949 histo-

78 3983 161 4065 ΓΜ,
187 4001 273 4070 quae
291 3988 404 4053 tamen
424 3987 507 4053 sads
526 3989 701 4054 enucleate
727 3993 827 4074 atque
852 3985 1038 4060 luculenter
1063 3983 1159 4050 nobis
1187 4073 1190 4080 .

79 4077 147 4141 ⁸⁰1⁸
165 4087 276 4156 oculos
295 4087 340 4153 ab
361 4087 504 4172 antiquis
523 4093 577 4153 est
596 4089 715 4176 posita,
734 4089 812 4153 num
832 4088 930 4153 eliam
949 4091 1017 4152 tum
1037 4081 1157 4150 creda·

79 4179 140 4240 '¹¹⁰⁸
158 4199 194 4248 re
213 4204 296 4254 vera
320 4193 387 4256 tam
415 4187 517 4253 multa
542 4179 692 4254 dressed
732 4190 876 4254 l’ossent
905 4183 1033 4272 quiem
1047 4183 1157 4270 ‘plura

79 4260 232 4352 litemus
259 4293 359 4374 noque
387 4289 513 4354 elanus
532 4304 612 4353 esso
629 4284 807 4374 disposita,
827 4283 888 4351 sou
909 4287 939 4350 so
960 4281 1158 4351 ammona
