2902 4956
458 416 761 489 ...53-

79 605 109 678 11
133 611 189 702 τῆς
215 601 396 695 θαλάττης
427 607 475 683 ὠς
504 599 593 672 ἑπτὰ
627 599 771 682 στάδια,
805 607 861 700 ubi
889 617 1010 694 raptam
1035 613 1161 676 tantun
1243 693 1244 700 ἵ

77 710 164 778 labet
190 707 322 795 madia,
351 705 504 774 dixerunt
524 725 583 774 suo
605 700 935 800 candidatorio]
954 707 1068 773 urbem
1089 710 1164 776 Ae-

34 823 36 830 ⁴
76 811 170 898 giren
189 825 313 880 versus
334 806 501 874 hibernum
522 811 578 874 aut
599 825 754 874 occasun
767 806 949 874 subiectum
961 808 1074 895 fuisse,
1095 828 1161 877 non

76 915 156 976 recta
184 927 309 976 versus
334 905 508 974 meridiem.
556 907 735 996 Appellato
761 914 814 974 est
842 907 922 974 urbs
953 907 996 974 ab
1016 909 1161 977 Homero

76 1005 187 1097 (ll-11,
199 1003 301 1098 baa.)
320 1007 515 1096 Hyperasia.
536 1005 607 1102 (cf.
622 1009 721 1074 Paua.
742 1005 829 1094 vll,
849 1011 909 1094 25,
929 1013 960 1074 a.
982 1009 1056 1076 coll.
1077 1005 1111 1099 S.
1132 1012 1163 1074 2.

76 1105 177 1195 Stepb.
204 1107 245 1172 B.
276 1128 311 1174 v.
337 1102 513 1198 Αἴγειρα.)
561 1108 707 1194 Nomen,
737 1104 823 1194 quod
844 1107 1031 1176 Pausaniae
1051 1115 1164 1176 aetate

75 1207 259 1296 usurpabat,
282 1209 433 1296 obtinuit,
456 1210 663 1296 quunlones
677 1227 751 1276 eam
768 1214 921 1276 tenerent
942 1227 986 1274 ex
1006 1207 1163 1276 huiursce-

74 1305 146 1372 modi
166 1326 300 1374 caussa
344 1304 445 1388 Qum
466 1306 613 1397 Sicyonii
645 1298 835 1397 conparato
865 1310 1015 1376 exercitu
1043 1326 1162 1396 agrum

75 1408 208 1474 invasuri
235 1415 355 1476 essent
383 1409 670 1499 intelligerentque
700 1411 969 1498 Hyperasienses
1005 1409 1093 1476 nullo
1123 1428 1163 1476 se

76 1513 160 1592 pacto
179 1527 284 1596 pares
305 1509 370 1574 illis
390 1527 523 1578 numero
545 1519 579 1580 et
596 1511 721 1578 viribus
735 1511 879 1600 futuros,
902 1527 1022 1598 capras
1037 1528 1161 1594 onnes,

76 1625 147 1692 qnae
166 1611 254 1676 intra
276 1608 361 1682 fines
382 1616 494 1696 erant,
520 1612 554 1677 in
583 1632 681 1678 unum
709 1617 909 1701 coegerunt,
939 1611 1162 1699 alligatusque

75 1703 109 1770 ad
137 1725 262 1778 cornua
294 1709 385 1776 foces
415 1711 611 1798 intempesta
647 1718 747 1780 nocte
786 1709 982 1778 accendere.
1036 1711 1161 1776 Hostes

75 1805 159 1894 ignes
180 1827 240 1875 eos
262 1827 342 1874 esse
362 1810 405 1876 ab
425 1805 635 1877 auxiliaribus
655 1813 892 1900 Aegiratarum
913 1811 1075 1898 suspicati
1103 1830 1161 1876 re·
1194 1873 1203 1884 .

74 1911 116 1972 tro
135 1925 257 1996 agmen
281 1927 394 1998 egere.
437 1911 469 1977 Α
490 1914 599 1999 capris
619 1913 731 2000 itaque
750 1918 874 1979 mutato
898 1913 1005 1978 veteri
1030 1912 1161 1977 nomine

74 2005 142 2072 urbs
160 2010 294 2098 Aegira
314 2013 367 2074 est
387 2011 569 2101 appellata3
600 2031 707 2098 neque
728 2017 838 2078 tanen
861 2013 1012 2077 continuo
1040 2029 1161 2076 novom

75 2124 177 2175 nomen
196 2109 347 2177 inolevit.
367 2105 438 2204 (Cf.
459 2107 574 2199 Steph.
596 2111 635 2176 B.
657 2132 690 2178 v.
712 2107 825 2177 Strab'.
848 2109 901 2197 X,
922 2104 1017 2200 445.)

142 2209 305 2300 Aegiran
325 2208 479 2297 Polybius
499 2209 581 2306 (IV,
601 2213 661 2297 51,
681 2205 736 2302 5.)
755 2209 835 2276 dicit
856 2211 951 2276 sitan
973 2227 1051 2275 esse
1072 2210 1159 2278 inter
1243 2197 1249 2208 ’

76 2305 280 2395 degnensinm
295 2363 298 2370 .
311 2316 344 2376 51
372 2307 599 2399 Sicyoniorum
619 2312 733 2378 urben
752 2308 823 2404 (sic
845 2316 878 2376 et
900 2308 982 2375 Tab.
1004 2307 1157 2397 Peuting.

77 2401 159 2498 Vll.)
184 2409 244 2478 inl
274 2403 398 2497 λόφων
427 2409 588 2501 ἐρυμνῶν
618 2416 680 2480 καὶ
701 2404 900 2488 ὂνςβᾰτων,
931 2401 1100 2476 vaicra-di
1121 2406 1162 2498 τῇ

77 2501 154 2571 aino
173 2503 268 2598 πρὸς
288 2503 350 2576 τὸν
374 2507 585 2594 Παρνασσὸν
606 2517 667 2578 καὶ
689 2514 802 2594 ταῦτα
822 2503 868 2574 τὰ
893 2501 980 2599 μέρη
1010 2511 1071 2597 τῆς
1100 2505 1158 2572 ἄν·

76 2600 186 2694 naaion
222 2603 356 2698 χώρας.
414 2611 542 2679 Versus
578 2611 745 2680 meridiem
779 2612 892 2680 vicina
932 2610 990 2675 suit
1020 2608 1156 2674 Pheneo

77 2703 179 2797 (Paua.
199 2711 298 2796 vm,
319 2713 368 2797 15,
389 2705 452 2802 2.).
482 2709 657 2780 Strabonis
678 2710 731 2806 (V
732 2713 794 2799 ΠΙ,
814 2705 910 2800 585.)
930 2703 1075 2793 Αἴγειρα
1097 2708 1157 2773 ἐπὶ

78 2807 191 2880 βουνοῦ
212 2821 336 2878 κεῖται.
374 2809 579 2896 Dodwellius
608 2811 676 2907 (ΙΙ,
703 2817 734 2879 2.
763 2834 795 2900 p.
824 2814 895 2876 155.
924 2808 1000 2875 ibid.
1029 2803 1159 2898 Sion.)
1191 2874 1193 2878 .

77 2905 120 2972 nbi
143 2929 227 2978 nuno
262 2912 398 3000 Argyra
426 2910 563 3001 Castro,
594 2920 628 2980 et
649 2913 776 2982 Gellius
796 2909 839 3005 (l.
861 2930 889 2976 c.
910 2933 942 2998 p.
964 2902 1037 2999 15.)
1066 2909 1158 2996 ponit

78 3007 148 3076 inter
162 3012 307 3079 Acrates
327 3015 361 3078 et
376 3009 550 3102 Cenares,
571 3031 593 3080 a
612 3015 723 3102 priore
741 3011 878 3079 duarum
900 3011 1033 3075 circiter
1053 3007 1155 3074 hora·
1176 3045 1182 3053 1
1275 3005 1297 3040 ²

78 3123 136 3173 run
153 3114 261 3199 spatio
288 3129 360 3178 ean
387 3131 571 3180 removens.
614 3111 772 3203 Straboni
792 3107 913 3202 (vill,
940 3102 1156 3198 585.)581-

79 3221 168 3290 cyone
186 3211 414 3301 progredienti
428 3233 548 3280 versus
562 3232 716 3280 occasum
728 3215 834 3300 prima
848 3209 927 3298 urbs
941 3209 998 3275 suit
1010 3207 1157 3292 Pellene,

81 3303 170 3374 altera
195 3313 343 3401 Aegira,
378 3314 479 3379 tertia
504 3314 627 3401 Aegae
656 3309 692 3378 ἐν
721 3313 765 3399 τῇ
791 3301 891 3388 τάξει
923 3311 995 3372 τῶν
1023 3299 1157 3372 τόπων.

80 3399 215 3478 Distabat
239 3427 261 3477 a
281 3409 427 3500 Sicyone
446 3415 489 3478 25
509 3413 588 3500 nil,
621 3413 664 3479 ab
685 3411 797 3498 Aegio
818 3412 860 3474 12
874 3407 955 3494 mil,
976 3423 998 3472 a
1020 3406 1158 3472 Pellene

81 3512 172 3576 anton
196 3529 273 3580 eam
291 3513 476 3580 Pausanias
500 3517 563 3578 1211
586 3510 671 3578 atad.
693 3515 851 3577 renovet.
868 3506 940 3600 (cl.
962 3506 1042 3572 Tab.
1070 3503 1160 3568 Peu-

81 3603 171 3698 fing.]
218 3608 399 3680 Muellerus
426 3611 470 3706 (l.
499 3608 551 3704 a.)
577 3613 701 3680 Palaeo
722 3607 844 3678 Castro
864 3625 952 3676 nunc
973 3623 1051 3672 esse
1071 3603 1161 3668 anti-

82 3719 162 3788 ilfflss
174 3713 335 3802 Aegiran
355 3715 502 3798 affirmat.
533 3711 695 3800 Usurpari
715 3727 797 3775 vero
810 3726 937 3774 »nonen
955 3702 1051 3771 buius
1068 3701 1160 3768 nbis

82 3810 114 3966 ag
133 3811 247 3896 plurali
273 3832 407 3904 numero
434 3811 660 3901 conprobavit
680 3805 886 3876 Siebelisius
906 3801 1046 3898 [Steph.
1066 3801 1105 3868 B.
1126 3819 1160 3866 v.

114 3901 207 3986 ενεός.
286 3909 289 3920 ’
1206 3964 1217 3986 ‚

153 3906 331 4079 lleriroratn
360 4010 465 4100 digna
491 4011 680 4078 Pausaniae
701 4009 766 4076 lrac
786 4008 821 4072 in
841 4005 924 4072 urbe
944 3999 1160 4068 videbanturt

85 4097 160 4172 Iovis
175 4111 339 4200 tenplum,
359 4111 490 4177 Dianae
502 4109 622 4197 aedes,
641 4107 805 4196 Apollinis
818 4103 1006 4183 delubrum,
1026 4099 1162 4186 iphige-

85 4199 149 4269 niae
166 4209 294 4298 signum
321 4208 441 4304 (Paus.
461 4213 536 4297 vll„
555 4211 615 4297 25,
634 4203 703 4299 5),
733 4203 885 4291 tenplum
905 4198 1051 4268 Veneris
1072 4192 1162 4263 eoo·
1272 4275 1279 4289 .

88 4294 186 4395 latia,
205 4307 353 4380 aedicula
372 4309 532 4399 Aegirae.
925 4353 928 4358 -
