2864 4960
487 284 787 354 ...8¹-

102 479 277 562 Anaqnam
298 490 379 540 vero
399 467 631 540 Machanidam
652 473 705 538 est
725 467 861 540 adortus
881 473 948 540 tum
971 468 1185 540 emendandis

101 577 198 666 populi
217 572 362 642 moribus
383 567 650 666 oalinandaeque
670 570 878 660 reipublicae,
901 587 997 657 quam
1015 569 1185 662 Philippus
1265 601 1267 608 ·

99 695 154 768 rex
177 673 326 744 nonnihil
355 661 626 792 perturbaverat,
651 677 779 758 tempus
804 669 977 758 impendit,
1008 675 1076 738 tum
1102 691 1185 740 vero

99 757 161 844 oid
177 773 326 851 ὅλους
305 763 399 846 nard
420 774 545 860 μῆνας,
566 779 602 840 ιιι
623 771 670 838 ait
690 771 861 860 Polybius,
882 769 1074 889 apparando
1088 771 1186 842 hello.

96 872 308 944 arnasano
328 890 461 940 menses
481 889 505 938 a
523 873 636 960 primis
657 877 834 960 praetmae
854 874 1007 962 auspiciis
1033 891 1187 940 numeres

94 993 144 1044 res
155 979 260 1063 gesta
272 991 386 1044 mense
399 971 574 1040 Decembri
586 975 650 1039 2⁰7
663 991 694 1042 a.
704 969 875 1059 Ghr,sive
894 974 1005 1059 quinto
1018 973 1075 1040 vel
1088 977 1186 1041 sexto

92 1093 201 1142 mense
223 1070 275 1140 01.
297 1075 368 1160 14³,
388 1075 419 1138 2.
463 1067 580 1152 Quidni
607 1065 779 1144 credamus
799 1073 1084 1161 Philopoemenem
1104 1074 1186 1142 brn-

90 1175 161 1244 mali
187 1173 269 1242 anni
288 1179 436 1262 tempore
455 1191 527 1240 rem
546 1172 729 1264 gerendam
756 1175 960 1262 suscepisse,
988 1174 1186 1266 praesertim

89 1291 181 1360 pum
201 1273 318 1340 bruma
337 1273 456 1340 inillis
476 1273 668 1362 regionibus
688 1275 795 1344 mitior
814 1275 871 1342 vel
891 1273 1009 1342 saltem
1031 1294 1099 1344 non
1117 1279 1185 1344 tam

88 1389 206 1462 aspera
226 1376 281 1461 sit,
302 1379 338 1442 nt
358 1371 446 1462 apud
465 1393 539 1462 nos,
561 1393 657 1460 quum
677 1375 865 1444 necessitas
886 1377 1041 1463 urgeret,
1062 1391 1084 1440 a
1102 1373 1185 1440 Phi-

86 1473 169 1561 lippo
191 1471 333 1560 denique
354 1475 418 1542 hoc
439 1491 567 1560 quoqne
587 1476 665 1542 anni
684 1481 833 1564 tempore
853 1473 973 1552 bellum
991 1474 1070 1562 'geri
1083 1493 1184 1562 posse

86 1571 220 1642 ednotus
242 1579 343 1642 esset
372 1570 438 1654 (ct
459 1573 573 1662 Polyb.
594 1577 648 1663 lV,
674 1577 727 1663 dt,
746 1577 778 1640 t.
799 1575 929 1642 scilicet
951 1591 1035 1662 quae
1055 1591 1100 1640 ex
1120 1573 1185 1649 hoc

83 1673 153 1742 loce
176 1675 344 1740 extricare
365 1674 436 1740 vult
457 1670 656 1764 Schornius,
676 1696 744 1747 non
763 1675 921 1764 legnmtur
940 1667 994 1742 ibi.
1027 1671 1076 1742 tt.
1096 1674 1183 1742 infra

83 1768 204 1862 μθ.)
247 1770 341 1856 Quod
361 1791 443 1842 vcro
464 1771 507 1841 de
528 1792 625 1862 aqua,
653 1775 745 1849 cuins
774 1775 854 1842 nihil
878 1795 1016 1866 prorsus
1036 1776 1071 1840 in
1090 1774 1183 1842 fossa

81 1875 239 1961 reliquum
259 1874 371 1960 fuerit,
402 1879 517 1939 narrat
542 1873 701 1962 Polybius
730 1877 803 1964 (xl,
824 1877 875 1964 lb,
895 1879 942 1955 8.)
962 1881 1099 1944 nostrae
1118 1895 1181 1964 po-

81 1973 143 2042 tins
165 1977 370 2062 sententiae,
396 1991 494 2060 quam
513 1969 670 2042 Schornii
699 1977 940 2066 patrocinatur,
970 1974 1107 2042 brumali
1127 1976 1182 2040 ni-

81 2075 195 2140 mirum
219 2081 369 2164 tempore
396 2090 478 2162 prae
505 2073 634 2162 frigore
659 2081 865 2142 evanescere
890 2077 977 2142 solet
1003 2093 1090 2162 aqua
1115 2093 1181 2144 va·

79 2169 186 2240 dosa.-
213 2174 324 2243 Nivm
345 2179 454 2240 antem
473 2175 510 2258 in
528 2173 683 2244 montium
703 2174 909 2240 convallibus
923 2175 997 2242 sive
1011 2177 1046 2242 in
1059 2176 1180 2242 monti-

79 2273 139 2342 bus
160 2279 290 2342 tantum
309 2275 390 2362 ipsis
401 2273 540 2342 illarum
559 2274 743 2363 regionum,
765 2275 896 2341 minime
916 2293 998 2342 vero
1017 2276 1051 2342 in
1071 2275 1179 2362 plani-

78 2379 136 2463 tie,
168 2376 224 2442 uhi
250 2377 397 2462 equitatu
425 2347 616 2461 utebamtnr,
646 2374 863 2462 reperiuntur.
890 2371 962 2468 (cf.
990 2374 1102 2462 Polyb.
1124 2377 1179 2464 tv,

77 2477 127 2564 to,
149 2470 204 2566 1.)
245 2475 397 2542 Prntices
422 2471 562 2562 denique
582 2479 759 2562 propterea
785 2476 1048 2542 commemoravit
1075 2474 1179 2562 Poly-

76 2575 159 2664 bius,
182 2573 270 2663 qnod
289 2577 355 2662 isti,
377 2594 472 2661 quum
492 2593 659 2662 perennes
680 2576 762 2662 sint,
783 2580 817 2640 et
837 2575 965 2642 aestivo
987 2580 1021 2642 et
1041 2573 1179 2642 brumali

2 2700 8 2716 ⁸
76 2681 225 2764 tempore
246 2675 402 2762 equitatui
421 2671 648 2762 impedimento
668 2676 833 2763 potuerint
854 2693 941 2743 esse

156 2779 197 2856 8)
225 2776 275 2842 At
302 2779 476 2862 praetores
504 2793 564 2862 per
592 2773 650 2840 illa
675 2779 825 2860 tempora
851 2772 956 2848 inere.
999 2770 1176 2860 cyclades
1300 2819 1317 2840 ..

75 2875 195 2942 iterum
222 2870 275 2940 01.
305 2877 536 2962 leat-145,
563 2876 582 2937 1
611 2868 660 2961 (§.
681 2876 765 2966 ih),
792 2873 880 2941 hunc
905 2872 1101 2940 subsecutus
1122 2880 1175 2944 est

76 2991 141 3042 non
170 2976 301 3063 pressis
326 2975 381 3041 ille
408 2973 536 3061 quidem
555 2973 727 3062 vestigia,
759 2992 856 3060 quum
876 2973 1086 3040 Achaeorum
1105 2993 1174 3060 reS,

75 3093 117 3142 ne
137 3072 248 3142 dicam
266 3075 420 3164 graviter
441 3075 593 3159 adtletae,
614 3073 767 3140 turbatae
783 3080 894 3140 tamen
915 3092 957 3140 ea
975 3079 1174 3162 tempestate
1286 3115 1289 3126 ·

76 3172 249 3242 admodum
269 3181 394 3262 essent,
414 3176 615 3242 Aristaenus
635 3173 772 3260 primum
793 3169 1020 3260 01.145‚2-3
1040 3169 1173 3262 (er

76 3293 171 3361 quem
193 3275 325 3362 excepit
342 3275 556 3344 Nicostratus
578 3269 964 3360 01.1te,a-4(§.aa.).
995 3272 1172 3359 Philopoe-

74 3394 149 3444 men
170 3393 253 3444 vero
275 3393 371 3462 quum
392 3377 491 3442 tertia
511 3392 573 3440 sua
594 3379 751 3458 praetura
770 3371 900 3436 functus
921 3368 972 3438 01.
993 3374 1066 3463 144,
1088 3375 1173 3438 8-4

74 3472 125 3568 [s
136 3470 213 3567 η)
233 3494 340 3562 neque
360 3477 395 3541 in
415 3480 617 3562 sequentem,
639 3489 746 3558 neque
765 3471 800 3536 in
819 3472 895 3538 huie
915 3472 1095 3556 proximum
1108 3489 1180 3548 an-,

74 3595 149 3642 num
169 3581 304 3663 praetor
324 3583 457 3641 creatus
479 3579 581 3659 esset,
599 3574 634 3640 in
655 3569 791 3640 Cretam
811 3569 976 3656 proiectus
997 3577 1059 3636 est.
1100 3573 1169 3642 lm-

73 3676 163 3761 perio
183 3681 295 3742 autem
314 3692 336 3740 a
354 3674 608 3762 Philopoemene
637 3670 681 3737 ad
701 3668 891 3758 Cycliadam
911 3669 1072 3737 translato
1093 3671 1169 3738 Na-

72 3775 121 3844 bis
141 3774 387 3864 redintegravit
407 3775 526 3840 bellum
532 3795 542 3865 3
568 3771 733 3840 adversus
759 3787 854 3856 quem
874 3768 1041 3868 Philippus
1063 3771 1169 3859 Argis

71 3876 104 3942 in
131 3877 344 3944 Achaeorum
366 3874 503 3941 coneilio
530 3873 652 3955 auxilia
678 3871 833 3959 promittit
859 3886 900 3934 ea
920 3875 1030 3956 tamen
1052 3871 1168 3938 eondi-

72 3975 168 4063 tt'one,
190 3981 228 4044 ιιι
248 3975 377 4042 Achaei
397 3975 503 4060 ipsum
522 3991 545 4037 a
564 3979 662 4064 tergo
683 3978 786 4038 tutum
806 3973 986 4056 praestent.
1032 3969 1167 4038 Restitit

72 4081 176 4150 autem
207 4071 809 4162 Cycliades,,Achaeorum-praetor,
838 4069 1008 4154 quominus
1028 4070 1101 4134 aliis
1122 4068 1165 4138 de

71 4175 166 4246 rebus
189 4175 388 4262 referretur,
408 4190 505 4260 quam
524 4175 659 4259 propter
680 4173 761 4257 ques
783 4169 955 4254 convocati
974 4174 1164 4258 essentiat-
