2902 4956
386 323 757 440 ’ἕπτ’-’-

75 577 183 626 nomeu
208 557 373 647 Aegialeo
401 558 455 630 ab,
470 557 609 650 regione
634 557 735 626 ‘tonus
762 555 981 648 Peloponnesi
1007 565 1165 654 principe.

74 660 110 725 ad
129 665 229 726 totam
248 659 454 746 peninsulam
483 659 678 726 translatum
704 659 865 746 qnondam
884 663 985 728 tuisse
1005 663 1154 758 videtur,

74 757 343 854 quemadmodum,
352 756 529 826 secundum
539 757 777 847 Pallmerayeri
791 761 1039 850 explicationem
1047 761 1156 858 [ltin.

73 855 201 928 blor'eae
220 861 248 926 L
269 882 302 947 p.
322 861 393 924 243»
415 854 526 949 sopp),
539 853 697 926 ¹restantis
716 862 872 948 temporis
892 881 1011 930 nomen
1030 863 1157 952 norea,

73 959 150 1044 quod
168 961 335 1048 proprium
354 965 428 1026 erat
447 959 535 1052 litori
553 958 660 1027 nudis
680 965 715 1028 et
734 961 940 1052 Messeniae,
967 970 1001 1030 et
1021 958 1159 1032 eandem

73 1059 339 1148 significationem
358 1063 467 1146 tenet,
493 1059 679 1148 parimodo
700 1067 879 1152 evagatum
898 1069 961 1130 est.

147 1159 303 1228 Diversis
327 1161 428 1250 igitur
451 1160 650 1249 temporibus
670 1161 804 1252 Aegiali
828 1161 911 1230 lines
937 1163 1062 1231 diversi
1086 1164 1161 1232 iue-

74 1263 152 1326 ront
193 1260 387 1336 Pertinebat
407 1261 492 1328 enim
513 1279 573 1348 eo,
591 1255 689 1347 'quod
710 1279 754 1328 ex
773 1259 979 1330 diversorum
1000 1265 1163 1332 nominum

74 1359 188 1442 ambitu
209 1359 408 1428 concludere
427 1361 515 1448 licet,
536 1362 759 1429 vetustissimo
778 1379 863 1430 aevo
883 1383 950 1430 non
971 1366 1165 1434 solum'tota

74 1461 185 1527 seriori
204 1466 352 1548 tempore
372 1457 461 1530 dieta
480 1460 747 1551 Peloponnesus,
782 1461 844 1529 sed
863 1463 1015 1552 Megaris
1036 1461 1163 1550 duoque
1187 1508 1190 1518 -

74 1561 231 1644 narisque
252 1561 407 1648 Alcyonii
427 1577 486 1627 ora
505 1562 663 1630 universa
683 1579 757 1627 cum
776 1562 941 1650 Plataeis,
965 1563 1165 1632 Cithaerone

75 1657 529 1754 adiacentibnsquelloeotiae
548 1661 751 1750 regionibus.
781 1659 841 1730 Sic
862 1665 949 1731 euim
967 1672 1004 1730 ut
1024 1669 1166 1732 statuam
1194 1737 1198 1744 ,

76 1767 169 1845 atque
192 1758 332 1846 Gompfii
350 1755 395 1852 (l.
416 1779 445 1826 c.
466 1755 563 1852 pb.)
582 1761 689 1828 verbo
708 1769 931 1851 transponam,
953 1763 1017 1831 hoe
1037 1766 1169 1853 ambitu,

75 1861 218 1948 euoeptis
240 1867 351 1926 nmen
370 1859 590 1948 Peloponnesi
618 1863 758 1948 quinque
783 1863 957 1932 maioribus
977 1866 1167 1954 prouinciis,

74 1958 183 2047 ldlide,
205 1958 373 2046 Arcadia,
394 1959 577 2050 Argolide,
597 1961 760 2047 Laconia,
781 1963 966 2050 Messenia,
988 1961 1166 2051 Sicyonios
1223 2007 1229 2018 ·

75 2076 187 2148 agrum
220 2057 549 2147 comprehendentis,
586 2079 654 2126 non
684 2059 789 2126 sobna
816 2069 988 2128 anctorum
1018 2069 1167 2132 veterum

75 2177 169 2246 supra
189 2161 319 2248 positae
338 2160 534 2245 sententiae,
554 2156 615 2224 sed
634 2159 710 2245 ipsa
729 2160 779 2227 rei
797 2161 1010 2247 probabilitas
1032 2169 1167 2250 coguut.

76 2259 148 2326 llox
175 2278 260 2326 vero
286 2261 444 2326 seiunctis
467 2259 689 2346 Peloponnesi
713 2260 813 2326 terris
840 2258 1104 2328 meridionalibns
1124 2263 1167 2329 ab

76 2359 125 2426 illo
154 2359 293 2448 Aegiali
325 2360 515 2448 complexu,
550 2377 647 2445 quum
666 2377 792 2426 aeorum
821 2377 970 2446 quaeque
1000 2362 1166 2449 proprium

77 2479 163 2526 snum
181 2479 303 2528 nomeu
322 2461 527 2549 regnumque
547 2457 669 2547 adepta
690 2466 797 2547 esset,
827 2463 946 2527 mansit
971 2467 1082 2528 tamen
1109 2481 1167 2538 se-
1257 2458 1261 2466 '

77 2561 281 2644 ptentrionali
294 2561 487 2648 peninsulae
501 2560 632 2648 regioni
637 2559 772 2648 Aegiali
780 2559 1027 2648 velAegialeae
1037 2581 1167 2653 nomen,

78 2655 177 2727 donec
212 2663 324 2728 statim
358 2667 433 2750 post
472 2661 587 2727 Ionum
611 2659 894 2754 ,Aetnamque
928 2663 1169 2746 antiquissimas

77 2761 304 2848 migrationes,
324 2781 393 2828 uon
412 2761 518 2828 solnm
537 2757 713 2849 Megaride
733 2765 769 2826 et
788 2758 946 2826 Boeotiae
964 2759 1169 2829 meridionali

78 2866 174 2948 parte,
194 2861 391 2948 praesertim
411 2879 508 2947 quum
526 2862 599 2948 ipsa
618 2861 684 2926 iam
703 2863 815 2929 terrae
835 2864 955 2926 natura
967 2859 1036 2926 tale
1048 2861 1167 2928 vinem

78 2959 137 3026 lum
154 2967 303 3049 respuat,
325 2957 589 3049 oSieyouiornr'n
608 2959 741 3046 imperio
762 2958 911 3046 liberata,
933 2957 994 3025 sed
1008 2953 1165 3029 Corintho

79 3061 168 3126 etiam
187 3062 223 3127 iu
241 3061 427 3129 libertatem
446 3061 616 3147 restituta,
645 3057 774 3148 Sicyon
798 3065 833 3124 et
858 3060 931 3146 ipsa
951 3061 1185 3159 Argivorum„

79 3159 208 3229 Adrasti
227 3166 351 3254 aetate,
371 3160 501 3227 ditionis
521 3161 610 3226 tacta
631 3153 778 3249 essew]
806 3159 862 3226 Ex
876 3179 915 3228 eo
929 3159 1006 3228 inde
1019 3167 1166 3252 tempore

125 3499 152 3567 3)
174 3495 214 3548 Ad
238 3509 369 3546 summum
391 3467 614 3564 quidem'noslroi
637 3510 700 3563 enm
728 3491 846 3564 Gomplii
872 3493 1002 3546 sententia
1028 3493 1161 3560 congruit,

168 3592 252 3652 atque
276 3581 304 3632 in
328 3596 362 3632 eo
384 3588 490 3634 tanturn
514 3579 542 3632 in
567 3579 683 3632 diversas
706 3588 794 3652 partes
817 3579 914 3632 abiisse
931 3579 1064 3644 videmur,
1090 3580 1174 3650 qued,

168 3669 213 3720 ille
231 3668 265 3719 de
284 3682 365 3732 regno
383 3665 510 3732 Sicyonio
529 3666 623 3719 scribit
645 3667 724 3738 eique
743 3684 798 3718 nou
817 3663 902 3718 solnm
922 3663 1048 3718 Achaiam
1067 3673 1164 3732 totam,
1233 3675 1235 3680 '

48 3783 56 3804 t
169 3758 224 3806 sire
247 3751 381 3824 potiorem
406 3751 498 3806 saltem
522 3753 579 3806 eins
602 3759 721 3823 partem,
749 3750 796 3817 ped
821 3749 989 3804 Corinthiam
1011 3769 1120 3824 quoque
1137 3759 1166 3805 et

168 3841 285 3911 reliquas
301 3839 354 3890 iam
373 3855 451 3908 aspra
470 3856 486 3890 a
504 3855 546 3892 me
564 3839 716 3920 nominatas
733 3839 854 3904 regiones
871 3837 1004 3900 attribuit,
1025 3839 1059 3890 ab
1077 3855 1165 3912 eoque

169 3926 273 3978 ambitu
291 3925 370 3992 longe
388 3925 497 3993 lateque
514 3933 625 3995 patente
643 3924 715 3976 baud
733 3941 797 3978 rane
814 3923 959 3978 abhorrere
977 3941 1076 3977 nomen
1095 3925 1167 3978 cele·

167 4013 348 4081 brilatemqne
371 4009 495 4076 Sicyonia
520 4009 733 4082 antiquissimam
751 4017 778 4062 et
794 4011 908 4064 maxime
925 4010 1095 4072 nobilitatam
1114 4029 1168 4082 po·
1270 4035 1275 4050 ι

168 4107 223 4166 tat3
242 4112 291 4163 ego
309 4112 372 4150 vero
391 4112 443 4148 nec
461 4111 571 4160 regnum
585 4095 782 4164 simoniacum,
800 4097 866 4152 licet
879 4097 1031 4169 Muellerus,
1046 4100 1086 4150 vir
1097 4115 1168 4150 aorn-

169 4200 237 4244 mur,
256 4181 284 4232 in
304 4181 432 4235 Orchom.
450 4183 547 4252 pano.
567 4183 735 4247 adversetur,
755 4181 803 4235 sed
821 4183 996 4260 Aegialensc,¹
1010 4183 1086 4237 caius
1105 4182 1168 4236 urba

170 4269 327 4342 principalia
345 4270 469 4336 Aegialeo
486 4267 552 4334 init,
570 4275 665 4338 postea
683 4269 783 4336 Sicyon
801 4267 889 4335 dicta,
909 4285 1068 4336 agnoscere,
1086 4283 1169 4342 quum

944 4365 969 4433 2
