2864 4960
669 333 967 454 *82·j·

270 495 333 612 que
359 520 494 590 decreto
524 520 687 590 adversus
717 523 832 592 Nabim
860 525 949 593 iacto
980 523 1151 592 concilium
1180 524 1310 594 fortiter
1329 541 1366 594 ac

265 623 378 696 litere
393 619 537 691 habitum
556 621 684 722 dimisit,
705 623 792 692 inter
812 623 1042 692 assentatores
1063 623 1179 724 regios
1201 619 1284 692 ante
1299 643 1367 692 eum

267 720 353 810 diem
373 721 515 818 habitus.
556 717 669 790 Nihilo
688 727 799 790 tamen
819 725 925 790 minus
946 739 1043 811 quum
1062 717 1159 813 paulo
1179 730 1260 813 post
1274 726 1367 793 rebus

266 823 405 914 Phrhppr
414 842 530 889 rursus
540 823 656 890 lavere
666 821 836 890 videretur
847 829 884 890 et
899 829 1076 913 propterea
1100 823 1190 912 apud
1202 825 1367 940 Achaeos,

147 945 149 954 ι
184 969 185 974 ,
270 939 424 1018 quorum
427 921 526 988 animi
546 919 589 986 ad
609 922 813 992 Romanos
802 941 865 992 ram
892 930 989 991 erant
1008 923 1217 1012 inclinati,‘
1205 945 1243 991 m
1264 926 1367 1011 suspi·
1413 952 1414 956 ¹

270 1023 397 1094 cionem
417 1023 576 1108 venisset,
598 1023 756 1110 expulsus
776 1028 830 1092 est
844 1013 1000 1111 praetore
1015 1023 1220 1114 Aristaen03
1242 1021 1369 1091 eodem-

271 1140 335 1210 que
357 1141 443 1190 anno
463 1118 602 1215 (55011.
614 1119 652 1189 C.
662 1125 774 1188 ..108
793 1141 824 1189 a
838 1117 940 1214 Chr.)
960 1121 1047 1212 apud
1066 1123 1240 1192 Romanos
1262 1122 1368 1188 consul

252 1227 403 1289 creatus
422 1216 530 1288 estT.
548 1211 733 1304 Quinctius
731 1223 943 1292 Flamininus
984 1225 1127 1291 Aestate
1138 1219 1289 1289 eiusdem
1297 1239 1368 1288 anm
1414 1261 1415 1276 ι

112 1347 114 1352 ’
144 1395 147 1401 ,
272 1317 420 1408 Sicyone
441 1321 613 1388 concilium
632 1319 743 1388 ιιιιιιιιιι
764 1315 817 1389 'est
837 1321 979 1412 legatis,
1009 1325 1071 1410 qui
1092 1321 1136 1389 ed
1162 1321 1368 1388 Achaeorum

272 1428 410 1536 gentem
423 1427 519 1488 erant
539 1421 641 1510 missi,
661 1423 881 1490 Romanorum
900 1423 940 1489 h
954 1417 1154 1538 ’calpurnia
1174 1423 1368 1489 Aristaenus

274 1523 362 1588 enim
382 1529 516 1618 praetor
537 1523 695 1588 Romanis
711 1523 880 1611 ''gentem
869 1542 962 1610 ltingt
954 1522 1121 1589 ’.volebat
1163 1522 1368 1591 Achaeorum
1415 1595 1416 1602 ἵ

272 1621 414 1688 maxima
433 1639 525 1710 pars,
546 1619 695 1710 exceptis
714 1621 885 1709 Dymaeis,
905 1621 1207 1711 Megalopolitanis,
1224 1620 1367 1708 Argivis,

274 1721 467 1788 societatem
488 1738 561 1808 epm
580 1721 738 1812 Romanis
759 1722 818 1788 init
841 1716 893 1787 01.
915 1724 987 1809 145,
1008 1725 1029 1786 2
1061 1727 1219 1790 exeunte.
1260 1721 1369 1788 Hieme

274 1817 394 1888 deinde
419 1821 553 1914 inermte
573 1838 603 1886 a.
624 1823 646 1886 0
666 1817 801 1887 01145
821 1838 916 1906 quum
937 1818 1069 1910 Opuntii
1089 1819 1286 1889 seditionem
1304 1838 1368 1886 mo-

25 1910 27 1920 ’
143 1923 145 1928 ’
274 1922 405 1988 visseut
424 1901 648 2024 colloquium'
636 1941 672 1987 m
691 1921 766 1986 sinu
784 1919 927 1989 Maliaco
949 1919 1093 1986 habitum
1113 1925 1167 1986 est
1189 1921 1278 1986 inter
1296 1916 1417 1982 Phi-¹

275 2022 397 2111 lippum
425 2038 543 2110 regem
569 2025 604 2088 ct
630 2019 847 2086 Flamininum
867 2019 1053 2115 consulem,
1085 2021 1137 2086 cui
1162 2017 1209 2086 ab
1230 2016 1368 2085 Achaeis

275 2123 492 2189 interfuerunt
512 2121 711 2187 Aristaenus
731 2123 866 2208 praetor
886 2123 921 2186 ct
941 2119 1129 2206 Xenophon
1141 2114 1193 2208 3
1202 2120 1282 2196 75
1301 2115 1375 2184 Ner

276 2239 340 2309 que
359 2222 472 2288 mirari
492 2217 659 2308 debemus,
681 2238 740 2286 cur
760 2220 940 2308 scriptores
959 2220 1172 2286 Aristaenum
1193 2238 1262 2285 non
1288 2235 1366 2282 nun·
1417 2245 1418 2250 ,

279 2327 413 2409 aupent
427 2325 629 2410 praetorem,
657 2318 823 2408 idipsum
844 2319 995 2404 quoniam
1016 2337 1060 2384 ex
1079 2317 1295 2407 praecedenti
1313 2334 1366 2382 eo·

277 2440 349 2493 rum
369 2420 560 2486 narratione
582 2418 705 2484 clarmn
726 2424 788 2508 est,
804 2419 858 2486 ubi
875 2416 918 2486 de
934 2418 1093 2502 colloquio
1110 2418 1261 2486 reienmt
1274 2431 1366 2505 prae-

276 2519 458 2587 termittere
485 2513 671 2606 'potuerunt
712 2517 792 2584 Aha
818 2537 901 2586 vero
929 2513 1195 2586 est'Nicostrati
1215 2518 1317 2608 ratio,
1342 2513 1367 2578 is
1418 2525 1419 2558 1

278 2621 363 2706 enim
384 2636 480 2704 quum
501 2623 601 2684 antea
622 2617 806 2684 nominatus
827 2635 894 2684 non
916 2623 1017 2705 esset,
1033 2618 1089 2684 ubi
1102 2619 1241 2707 primum
1255 2630 1366 2684 narra·

277 2720 367 2812 tione
387 2719 547 2807 tangitur,
568 2735 608 2784 eo
629 2715 824 2806 designatur
843 2717 947 2804 titulo,
969 2736 1063 2803 quem
1082 2719 1146 2806 ipsi
1162 2719 1298 2788 attribui
1309 2723 1366 2804 par

279 2825 362 2887 erat.
375 2861 377 2868 ,
402 2818 456 2884 De
478 2818 636 2904 colloquio
658 2823 766 2886 autem
794 2819 881 2885 inter
900 2818 1116 2884 Flamininum
1136 2823 1171 2885 et
1190 2818 1302 2887 Nahin
1320 2815 1366 2879 in·

278 2918 443 2986 stiarendo
470 2924 579 2986 actum
605 2915 733 3003 quidem
752 2936 812 3004 per
838 2916 1023 3004 hiemem,
1013 2938 1118 3005 ipsum
1138 2923 1251 2986 tamen
1272 2913 1365 2984 collo-

279 3017 387 3114 quium
407 3018 551 3084 habitum
571 3023 641 3104 est,
664 3035 759 3102 quum
779 3017 842 3084 iam
863 3035 971 3084 novus
992 3014 1076 3104 apud
1097 3016 1256 3088 Achaeos
1275 3030 1365 3106 prae-

278 3127 333 3188 tor
363 3123 495 3186 creatus
526 3122 632 3296 essct)
651 3095 886 3204 Nicostratus,
917 3134 1033 3184 merrse
1060 3117 1163 3206 igitur
1186 3117 1297 3208 Aprili
1320 3109 1363 3180 01.

341 3223 401 3310 ⁷8
360 3319 501 3406 4)Nos,
523 3320 598 3404 quia
619 3334 661 3383 ea
676 3316 798 3404 hieme,
820 3333 884 3403 qua
903 3318 1035 3405 nuptias
1057 3315 1250 3386 celebrabat
1270 3310 1363 3384 Chal·

278 3419 351 3486 cide
376 3418 578 3502 AntiochuS,
606 3415 838 3503 Philopoemen
862 3437 930 3485 non
957 3422 1032 3484 erat
1061 3422 1195 3504 praetor
1222 3412 1363 3496 01147,

277 3522 378 3608 1-2,
399 3525 533 3608 propter
560 3515 722 3604 idipsum
748 3520 819 3584 eius
840 3522 989 3603 quartam
1009 3523 1199 3604 praeturam
1218 3525 1363 3582 remoue-

276 3620 392 3688 banus
413 3617 456 3685 ad
476 3636 596 3686 annum
615 3620 638 3680 4
656 3613 706 3682 01.
714 3619 791 3681 140
811 3621 845 3684 et
865 3618 884 3679 1
906 3611 956 3681 01.
978 3619 1049 3682 147.
1090 3607 1362 3705 Quoeigcurhi·

275 3722 351 3788 vius
371 3723 486 3786 narrat
513 3717 801 3804 (XXXV,25—87
801 3721 826 3794 .)
851 3721 954 3804 gesta
983 3722 1061 3784 sunt
1080 3716 1182 3784 ferme
1201 3734 1262 3805 per
1280 3713 1361 3778 inte-

271 3837 372 3908 grum
392 3837 513 3885 annum
533 3821 681 3902 quanam
702 3813 753 3881 01
774 3815 846 3879 140.
873 3811 937 3957 (01.
956 3809 1043 3883 Ριιιι.
1062 3815 1238 3904 Philopc
1259 3813 1308 3876 14.
1325 3802 1360 3872 ci·

274 3913 397 4006 δ’.)
354 4018 392 4101 5)
405 3985 675 4102 Philopoemenis
694 4018 882 4102 praeturae,
904 4016 1017 4100 quinte
1037 4017 1189 4082 etsexta
1209 4023 1286 4080 sese
1303 4021 1360 4070 ex·

274 4115 405 4203 cipiunt
445 4114 587 4182 Praetor
606 4109 716 4181 autem
736 4119 855 4202 quum
851 4115 917 4180 iam
937 4115 972 4182 in
992 4131 1033 4181 eo
1054 4120 1156 4200 esset,
1168 4115 1211 4180 ut
1224 4109 1359 4197 quinum

271 4213 439 4286 abdicaret
459 4213 699 4304 magistratum,
720 4215 837 4283 sextris
857 4231 939 4282 vero
960 4214 995 4284 in
1022 4228 1096 4284 eum
1123 4209 1304 4350 deterretur
1327 4200 1359 4268 in
