2864 4960
431 387 613 464 -131
682 391 846 432 ·-”

42 576 175 667 Polybio,
198 597 295 666 quomo
315 577 431 644 bivios
452 576 586 644 Graeca
605 577 813 644 transferens
834 580 868 646 in
881 579 1035 650 Latinum
1050 597 1127 649 ser·

42 699 155 747 nonem
176 685 234 746 aut
254 699 323 746 non
344 683 501 745 acourate
521 678 738 767 intellexisse,
753 683 810 745 aut
830 679 987 768 perlectis
1001 681 1128 770 Polybii

42 781 138 847 uerbis
165 782 354 846 memoriter
378 797 522 845 narrans
551 780 707 846 memoria
727 779 840 868 lapsus
866 798 945 850 esse
963 778 1126 850 videatur.

43 875 103 968 (Oi.
122 881 261 946 Laeliae
283 883 303 944 l.
327 897 355 945 c.
377 901 408 967 p.
429 878 506 969 tto.)
872 967 874 973 ,

108 979 252 1050 Praeter
265 981 328 1048 loos
342 981 592 1070 magistratibus
603 977 858 1047 adnumerantur
869 981 1030 1070 magister
1044 981 1127 1068 qao·

42 1093 92 1164 que
110 1081 253 1166 equitum
280 1101 308 1144 s.
338 1079 520 1166 ἵππαρχος
547 1088 582 1148 et
603 1075 770 1174 δημόσιος
790 1074 1014 1170 γραμματεύς
1035 1077 1127 1174 (Ρο-

41 1178 93 1264 lyl.
111 1183 218 1266 xxti,
240 1181 290 1267 15,
311 1179 396 1268 l⁰.).

105 1281 247 1350 Aetolos
269 1301 335 1349 non
356 1281 510 1369 Polybius
530 1281 646 1369 solum,
667 1283 758 1348 ouius
780 1281 844 1349 hac
861 1281 897 1347 ia
913 1283 1008 1368 parte
1021 1275 1129 1346 histo·-

42 1380 149 1449 riarum
175 1379 259 1446 tides
290 1401 357 1447 non
382 1382 548 1448 immerito
572 1382 805 1468 aliquantulum
837 1379 1023 1470 suspectior
1051 1393 1129 1444 esse

42 1477 157 1547 videtur
185 1483 299 1549 Lucae
329 1481 375 1572 (l.
397 1477 466 1572 c),
495 1481 555 1549 sed
583 1483 640 1548 alii
669 1499 796 1570 quoque
827 1483 1129 1568 rerumgestarum

43 1587 242 1649 enarratores
271 1601 454 1670 eorumque,
473 1601 617 1648 summus
639 1599 827 1668 summaque
847 1579 912 1647 fide
939 1585 1037 1667 atque
1065 1595 1128 1644 au·

42 1683 180 1748 ctoritate
200 1680 340 1772 dignus,
370 1680 597 1770 Thucydides,
625 1685 690 1748 iam
711 1699 732 1747 a
752 1687 871 1749 natura
890 1682 965 1770 ipsa
985 1677 1028 1747 ad
1048 1673 1129 1746 illud

40 1780 113 1847 viae
135 1800 264 1870 genus,
296 1783 349 1848 cui
369 1779 519 1856 addictos
540 1784 643 1849 luisse
665 1783 896 1870 comperimus,
923 1781 1017 1868 quasi
1038 1779 1128 1846 iuvi·

41 1884 123 1970 totos,
145 1881 189 1948 ad
210 1885 345 1972 rapinae
365 1885 513 1950 niroiruon
532 1884 684 1971 firmaque
705 1881 912 1970 exercendo,
943 1885 977 1948 et
999 1881 1054 1950 vel
1073 1885 1128 1950 in·-

41 1981 112 2048 uitos
134 1984 331 2052 nolentesve
353 1991 488 2052 coactos
509 1985 612 2050 luisse
633 1982 777 2050 tradunt.
798 1977 932 2050 'Aetolia
952 1983 1037 2048 enim
1051 1981 1128 2048 altis

41 2079 167 2170 undique
187 2085 352 2152 montibus
372 2085 588 2152 mrcmnolusa
608 2101 650 2149 ao
672 2083 969 2172 concisa,2quorum
982 2097 1127 2146 summus

43 2178 329 2251 toroxuteebotur
342 2181 470 2266 (Strata
493 2181 539 2248 X.
560 2203 591 2278 p.
613 2185 684 2249 137.
698 2183 813 2274 Polyb.
835 2179 896 2271 IV,
917 2182 947 2248 7.
962 2198 1012 2265 sq.
1026 2179 1127 2246 Paus.

42 2279 121 2367 v,1.
140 2283 215 2350 hir.
237 2282 378 2372 XXXV,
399 2286 486 2369 180,
507 2301 604 2370 quum
623 2284 751 2352 incolas
778 2301 857 2351 suos
879 2279 1042 2348 adversus
1063 2279 1127 2347 ho·

42 2383 124 2448 stium
143 2389 356 2450 externorum
376 2384 516 2471 impetus
537 2389 625 2450 tutos
648 2382 775 2471 quidem
796 2387 984 2473 praestaret
1000 2377 1128 2474 (Thoe.

42 2480 91 2570 ΠΙ,
109 2485 160 2550 94.
182 2500 286 2570 quare
306 2483 492 2550 libertatem
510 2483 622 2551 Aetoli
639 2489 881 2552 conservarunt
895 2478 1042 2550 suamed
1056 2479 1129 2547 Ro·
1178 2569 1181 2576 Ι

43 2599 195 2649 manorum
215 2601 320 2670 usqne
340 2577 525 2674 tempora),
553 2601 668 2650 verum
689 2601 749 2652 eas
771 2602 827 2651 res
847 2585 977 2652 munione
998 2581 1132 2670 proler-¹

44 2687 100 2768 ret,
123 2701 208 2769 quae
234 2681 278 2748 ad
306 2683 408 2750 vitam
435 2682 685 2751 sustentandam
708 2685 847 2750 maxime
869 2689 945 2771 sunt
965 2696 1128 2748 necessa-

43 2783 99 2848 riae
123 2781 321 2878 (paoopata
341 2791 467 2850 tantum
494 2789 529 2851 et
550 2783 678 2870 quidem
699 2785 789 2850 circa
807 2779 1011 2870 Calydonern
1032 2781 1128 2870 regio

44 2889 104 2949 erat
129 2876 305 2971 abnepotes
326 2891 361 2951 et
381 2876 523 2972 ποδιᾶς,
551 2881 665 2952 Strab.
687 2884 737 2972 X,
766 2886 797 2948 2.
818 2905 850 2971 p.
870 2877 975 2974 Μ),
1007 2881 1126 2950 factum

44 2981 172 3074 videaur,
194 2991 231 3052 ut
240 2985 360 3053 Aetoli,
373 2987 490 3052 artium
510 2982 708 3073 liberalium,
730 2983 845 3071 quibus
865 2985 936 3052 vita
956 2981 1128 3070 excolitur,

46 3079 260 3172 literarumque
292 3085 530 3172 humaniorum,
563 3103 648 3172 quae
682 3101 792 3151 mores
823 3084 990 3151 emolliunt
1020 3099 1127 3170 neque
1238 3115 1241 3122 .

44 3179 118 3250 leros
147 3183 379 3272 amasinum,
410 3189 566 3272 expertes
602 3201 695 3252 arma
722 3201 886 3272 nunquam
913 3182 1129 3272 deponerent,

45 3297 130 3351 carne
157 3281 262 3351 cruda
276 3284 380 3352 -iello
407 3286 580 3352 etiamnum
607 3283 889 3373 Peloponnesiaco
910 3287 1128 3351 vescerentur

45 3380 146 3460 (Thoe.
165 3387 229 3472 Ill,
250 3388 337 3473 aa),
355 3385 546 3482 *torostoros
565 3401 661 3470 quam
682 3401 741 3472 pro
763 3383 907 3472 ingeniis
923 3380 1126 3452 Graecomm

46 3487 160 3571 gentis,
183 3493 212 3561 ¹)
239 3487 349 3572 itaque
371 3485 550 3574 comparati
562 3493 696 3572 essent,
717 3491 752 3551 ut
773 3501 836 3550 neo
858 3471 981 3570 praeda
1000 3483 1042 3548 iis
1062 3501 1126 3548 un-

49 3599 130 3666 quam
149 3587 234 3652 satis
254 3585 363 3674 ampla
383 3587 597 3674 contingere,
622 3601 686 3652 nee
707 3583 800 3670 quies
820 3581 874 3648 diu
895 3583 1028 3670 placere
1050 3601 1129 3670 pos·-

91 3864 191 3931 l)Non
209 3881 303 3916 omnes
321 3862 411 3918 Aetoli
429 3862 526 3916 Graeci
545 3870 635 3930 crant,
665 3870 695 3916 ot
722 3859 815 3916 Livius
838 3865 879 3916 eat
901 3866 995 3912 auctor
1017 3855 1126 3918 XXXII,
1210 3867 1225 3883 ‘

135 3951 176 4005 al.
195 3949 231 4004 cl'.
251 3949 336 4002 Lucas
354 3950 371 3999 Ι.
391 3965 414 4000 c.
434 3967 459 4020 p·
478 3949 520 4004 al.
548 3949 580 4000 N.
602 3955 625 4004 i.
653 3949 743 4002 livius
770 3945 981 4008 ramensxxxt
1005 3945 1049 3998 30.
1075 3941 1127 3994 ribi

135 4035 318 4088 contradicere
341 4034 462 4098 videtur,
481 4033 603 4098 Aetolos,
630 4034 798 4096 Acarnanas,
824 4031 988 4086 Macedonas
1009 4028 1128 4082 eiusdem

137 4123 242 4187 linguae
266 4119 389 4173 homiues
414 4134 529 4188 vocauaJ
555 4118 629 4190 quod
653 4127 744 4172 temen
767 4122 796 4171 in
822 4120 942 4170 Romano
961 4115 1053 4168 mirum
1072 4127 1127 4166 non

137 4215 185 4272 eat,
204 4225 289 4278 quum
307 4205 404 4261 Gracci
427 4206 486 4259 vice
510 4222 584 4258 versa
609 4203 741 4257 Romanoa
761 4203 889 4258 barbaros
907 4201 1043 4274 appellare
1062 4213 1128 4252 cou-

139 4295 280 4350 ouaacrint
301 4291 342 4346 cf.
361 4294 446 4346 Lucas
464 4309 491 4362 p.
512 4295 570 4345 ll7.
590 4288 621 4342 N.
642 4295 664 4344 l.
1021 4295 1029 4306 ·

874 4375 929 4454 9*
