2844 4952
98 996 106 1008 ,
244 951 408 1041 opusculi3
429 951 469 1018 oi.
489 951 600 1018 Lucas
619 950 641 1016 l
663 967 693 1017 a.
712 972 745 1038 p.
768 946 847 1038 PB.)

650 331 977 436 -172-'

243 555 376 640 nerent,
395 551 535 631 Aratum
555 567 628 620 com
647 549 882 621 Macedonibus
901 547 1016 618 iniisse
1036 549 1247 638 sociantem,
1266 547 1330 618 de-

188 677 191 682 ·
242 654 418 722 monstrari
437 653 534 720 laone
553 655 671 740 potest
690 648 797 746 [Plut.
818 651 913 717 Aret.
941 665 971 719 c.
996 651 1048 715 42.
1067 653 1119 716 44.
1139 650 1256 736 Polyb.
1283 653 1331 740 Π,

241 754 294 817 til.
321 750 462 820 Dissert.
491 767 581 818 meae
608 751 734 818 Aratus
760 751 812 816 als
832 746 994 816 Peldherr
1014 747 1080 816 und
1101 745 1333 840 Staotsmann,

242 856 279 918 ct
306 869 390 939 quac
424 855 542 920 contra
572 847 786 939 Helvingium
818 847 982 938 disputavi
1015 849 1049 915 in
1083 865 1226 917 censura
1259 852 1332 918 eius

325 1051 516 1140 Antigonus
541 1039 643 1140 igitur
668 1047 815 1117 Achaeis
843 1048 964 1116 auxilio
991 1051 1083 1116 venit
1110 1068 1183 1118 curo
1207 1051 1334 1139 viginti

241 1149 382 1217 millibus
401 1149 544 1240 peditum
564 1154 599 1216 et
618 1147 756 1216 millibus
770 1147 1019 1238 quadringentis
1039 1150 1199 1236 equitibus
1220 1150 1332 1240 (Plut

242 1249 338 1317 Arat.
359 1269 388 1316 e.
408 1253 460 1318 43.
481 1247 604 1320 Cleom.
626 1265 655 1314 c.
675 1249 728 1313 24.
755 1241 847 1337 μετὰ
877 1247 1011 1336 πολλῆς
1039 1241 1232 1338 δυνάμεως.
1263 1249 1334 1316 Po-

241 1347 308 1436 lyb.
329 1350 384 1440 ll,
404 1345 488 1442 42),
508 1352 628 1436 misso,
658 1347 734 1416 dum
761 1348 869 1416 adhuc
883 1351 928 1416 'in
956 1348 1132 1416 Thessalia
1152 1354 1262 1435 esset,
1291 1347 1333 1414 ad

241 1449 382 1518 Aratum
400 1451 520 1517 nuncio
541 1447 583 1516 dc
603 1449 663 1536 iis,
684 1467 768 1535 quae
780 1450 866 1517 inter
878 1449 970 1538 ipsos
984 1455 1229 1540 convenerant3
1250 1445 1334 1542 [se-

242 1551 368 1635 quimur
395 1549 581 1620 Casaubcni
608 1551 927 1638 interpretationem,
958 1545 1161 1634 eandemque
1188 1547 1335 1616 accura-

241 1651 358 1717 tiorem
380 1653 608 1738 melioremque
637 1668 733 1736 qnam
760 1643 1098 1739 Schweighaeuseri)
1123 1647 1241 1714 eadem
1268 1650 1333 1736 via,

241 1765 307 1836 qua
326 1751 445 1820 seriori
464 1757 611 1840 tempore
630 1750 801 1838 Philippus
829 1750 864 1816 in
883 1749 1146 1837 Peloponnesum
1166 1749 1336 1835 profectus

242 1856 296 1918 est
314 1835 450 1953 (Polyb.
470 1851 540 1939 IV,
558 1853 618 1939 tii,
636 1843 701 1941 a).
731 1849 817 1917 Tres
837 1849 978 1916 enimin
991 1840 1255 1937 Peloponncsmri
1276 1825 1348 1939 pl

240 1967 333 2018 mare
351 1951 454 2019 hansa
474 1951 549 2018 vias
569 1955 710 2018 testatum
730 1948 919 2038 Xenophon
945 1948 1100 2040 (Hellen.
1120 1947 1188 2038 IV,
1217 1952 1257 2037 7,
1287 1955 1334 2016 lb

241 2047 283 2114 ci.
303 2047 418 2136 Polyb.
442 2047 513 2138 IV,
541 2053 592 2115 M.
620 2046 679 2135 ab,
707 2046 776 2132 a).
802 2049 921 2118 Boeoti
947 2055 982 2116 et
1006 2049 1247 2143 Megarenses,
1283 2051 1336 2137 qui

77 2109 80 2122 ¹
145 2165 151 2190 -,
241 2147 451 2237 Achaeomm
471 2138 621 2218 societati
641 2145 800 2237 adscripti
820 2154 916 2217 erant
936 2149 1069 2238 (Polyb.
1090 2151 1146 2237 Π,
1167 2154 1218 2218 la
1247 2149 1334 2216 Plut

240 2249 338 2316 Arat.
366 2267 396 2318 c.
427 2253 516 2339 la),
540 2248 679 2318 eandem
696 2251 858 2338 permissu
874 2249 1085 2328 Achaeorum
1102 2247 1335 2335 deseruerunt,

241 2365 339 2434 quum
359 2347 555 2418 Cleomenes
574 2349 732 2417 Isthmum
752 2355 883 2420 teneret
903 2351 1074 2420 obsessum
1093 2348 1230 2446 (Polyb.
1254 2348 1336 2438 XX,

240 2449 279 2534 o,
298 2443 361 2538 8.).
403 2449 490 2516 Hinc
509 2452 610 2539 igitur
630 2454 723 2538 patet
749 2449 895 2516 Boeotos
922 2469 990 2517 non
1017 2453 1122 2518 solum
1141 2471 1209 2519 non
1230 2451 1334 2519 fnisse

241 2547 547 2638 Antigoninustes'
560 2551 675 2632 (locus
695 2547 781 2616 enim
799 2548 912 2636 Polyb.
933 2550 978 2637 Π,
999 2552 1059 2638 tid,
1079 2554 1111 2616 4.
1132 2571 1227 2638 quem
1250 2553 1335 2620 cita-

123 2649 128 2680 '
241 2649 292 2717 vit
312 2648 500 2719 Gronovius
520 2650 563 2718 de
577 2651 692 2718 seriori
707 2648 934 2730 coniunctione
948 2649 1050 2739 valet,
1070 2655 1172 2718 a222
1185 2669 1217 2716 a.
1229 2648 1335 2738 che),

139 2841 141 2846 ,
239 2749 320 2818 licet
340 2751 491 2820 Thebani
510 2747 738 2838 vituperarent
756 2751 885 2820 Neonis
906 2752 980 2822 sive
999 2752 1242 2842 negligentiam
1265 2753 1336 2818 sive

241 2850 525 2940 benevolentiam,
552 2848 614 2918 sed
641 2851 740 2918 etiam
767 2851 972 2940 Antigonum
998 2853 1062 2921 iter
1087 2871 1147 2942 per
1166 2851 1337 2920 Boeotiam

18 2967 21 2974 ’
83 3007 88 3017 ,
181 2965 182 2970 ’
240 2950 354 3020 iacere
373 2953 522 3040 potuisse
542 2953 784 3020 cumexercito.
826 2940 1022 3020 Cleomenes
1035 2972 1118 3022 vero
1131 2953 1336 3038 eumlocum,

242 3051 297 3148 qui
329 3051 415 3120 inter
442 3051 717 3121 Acrocorinthum
747 3056 782 3120 et
805 3058 934 3120 montes
962 3048 1048 3119 Onia
1072 3052 1181 3136 (Plut.
1211 3051 1334 3121 Cleom.

244 3167 275 3216 a.
292 3152 344 3216 2⁰.
365 3143 411 3216 τὰ
427 3143 543 3234 Ὠνια,
563 3151 678 3240 Polyb.
698 3153 744 3241 ll,
764 3153 816 3218 52.
839 3147 884 3218 τὰ
900 3146 1034 3234 Ὀνεια,
1055 3151 1283 3242 seravm,
1304 3175 1332 3240 p.

189 3259 194 3273 ¹
241 3244 338 3341 280.)
357 3251 440 3330 situs
460 3258 532 3340 est,
552 3253 651 3321 vallis
671 3253 836 3340 murisque
856 3252 1008 3338 munivit,¹
1023 3257 1059 3318 ut
1079 3252 1145 3319 situ
1165 3257 1268 3340 atquc
1285 3255 1335 3321 lo-

243 3366 356 3418 corum
375 3351 543 3438 iniquitate
567 3354 678 3440 'potius
709 3368 805 3440 quam
832 3357 949 3441 aperta
978 3369 1092 3442 pugna
1116 3352 1335 3423 Macedonum

243 3443 407 3519 armorum
425 3471 488 3520 usu
507 3455 710 3520 exercitatas
736 3457 848 3542 copias
878 3449 1064 3538 debilitaret
1095 3457 1194 3539 atquc
1207 3453 1252 3520 in
1270 3455 1335 3520 Pc-

242 3541 456 3637 loponnesum
476 3554 617 3620 transitu
636 3553 834 3641 prohiberet.
866 3551 955 3618 Hinc
980 3551 1208 3642 intelliguntur
1237 3555 1335 3620 Mam

242 3649 367 3736 Polybi
388 3651 462 3740 (ll,
482 3647 558 3744 52.)
584 3653 691 3720 verba
717 3647 1086 3740 ἀντεστρατοπέδευον
1115 3645 1284 3741 ἀλλήλοις
1302 3656 1334 3719 ei

242 3746 412 3818 Plutarchi
431 3753 577 3820 narratio
597 3749 677 3846 (vit.
704 3750 826 3840 Cleom.
848 3769 877 3819 c.
897 3754 984 3838 aa).
1015 3751 1205 3839 Antigonus
1226 3757 1334 3819 autem

242 3847 376 3934 magnis
396 3847 566 3917 admodum
596 3853 762 3941 angustiis
791 3850 1010 3919 circumdatus
1029 3857 1099 3939 cst,
1134 3851 1253 3940 qnippe
1270 3848 1335 3936 'qui

243 3962 352 4031 neque
372 3948 571 4017 remanendo
592 3951 859 4038 nanqunlitatem
878 3968 985 4039 agere
1011 3954 1146 4038 propter
1171 3957 1333 4017 commea-

244 4048 300 4112 tus
325 4045 491 4134 inopiam„
521 4065 630 4135 neque
657 4067 718 4138 per
746 4046 931 4118 Cleomenis
963 4054 1077 4117 castra
1111 4057 1279 4116 armorum
1300 4046 1334 4113 vi

244 4146 418 4212 transitum
438 4147 500 4215 sibi
520 4147 650 4235 iacere,
684 4147 728 4216 ad
758 4151 945 4218 bechaeum
970 4149 1038 4216 levi
1060 4149 1188 4236 proelio
1216 4148 1336 4236 vietus‚'

244 4262 352 4334 neqoe
371 4245 447 4318 inde
466 4247 510 4320 ab
530 4247 664 4318 lleraeo
685 4246 864 4338 Sicyonem
883 4249 1032 4320 navibus
1039 4249 1151 4338 copias
1164 4245 1332 4317 haosmib
