2902 4956
640 313 689 328 ...
751 253 954 353 ω’,

247 467 421 566 propterca
441 455 857 558 neumatum-vituperet,
883 467 968 556 qnod
988 469 1185 538 Pausaniam
1205 479 1380 548 secutus·

243 579 307 663 sit,
330 593 424 660 quem
438 571 694 656 antiquissimam
707 568 833 636 urbium
845 571 973 636 illarum
988 569 1204 638 conditionem
1218 576 1354 662 cogni-

246 683 313 748 tam
346 693 413 740 non
435 671 591 738 habuisse
617 671 783 761 opinatur,
822 689 906 756 quae
926 675 1037 738 tamen
1057 674 1224 739 sententia
1242 687 1379 760 quum²

246 774 345 842 nullis
367 769 551 838 stabiliatur
571 770 781 860 argumentis
795 775 920 838 temere
940 771 1086 862 profecto
1113 779 1168 840 est
1194 792 1356 862 pronun·
1378 793 1383 802 ·

249 877 337 943 ciata
357 879 456 957 atquc
476 871 626 938 iactata*

735 1155 857 1220 Strabo.

333 1270 531 1340 Strabonem
551 1272 581 1336 ai
601 1267 646 1336 ad
659 1271 853 1358 scriptorum
867 1288 976 1336 rerum
989 1270 1209 1338 Achaiearum
1222 1291 1354 1338 recen-

248 1394 322 1441 sum
342 1371 556 1458 admittimus,
584 1372 650 1436 iam
676 1369 709 1436 id
736 1391 802 1437 non
833 1372 968 1460 propter
985 1360 1353 1439 ‘serianum'historiam

250 1481 430 1564 temporum
450 1471 522 1536 lieri
542 1471 678 1557 quisque
698 1472 880 1560 intelliget,
901 1469 978 1558 sed,
999 1477 1035 1538 ut
1055 1471 1137 1538 inde·
1153 1472 1353 1560 colligatur,

251 1581 388 1644 rectene
400 1573 591 1658 fecerimus,
611 1565 773 1659 magnain-
788 1573 858 1638 eius
872 1569 1112 1660 narrationibus
1126 1569 1168 1638 de
1182 1573 1353 1657 antiquio-

251 1677 342 1744 ribus
362 1673 571 1740 Achaeorum
590 1671 690 1752 rebu's
716 1673 824 1761 gestis
852 1660 1079 1740 auctoritatem
1109 1669 1352 1738 condonantes.

335 1776 388 1840 Ae
409 1771 532 1838 Strabo
554 1771 682 1858 quidem
702 1772 807 1838 tribus
827 1771 892 1836 illis
912 1771 1006 1836 libris
1036 1769 1139 1861 lim,
1178 1770 1250 1858 IX,
1290 1769 1352 1860 X,

253 1893 335 1961 quos
355 1872 535 1940 destinavit
545 1871 709 1938 Graeciae
729 1870 950 1960 descriptioni,
972 1870 1014 1954 ab
1027 1871 1171 1938 Homero
1191 1875 1354 1955 tanquam

254 1976 358 2043 omnis
380 1975 474 2050 hrains
494 1970 725 2058 disquisitionis
745 1971 844 2040 fundo
873 1973 1040 2060 primoque
1069 1970 1233 2038 Graeciae
1259 1989 1353 2060 geo-

252 2073 383 2166 grapho
405 2093 500 2141 orsus
515 2070 687 2140 descendit
702 2091 829 2160 quoque
843 2069 886 2138 ad
906 2073 1135 2159 antiquitates,
1157 2089 1239 2157 quas
1253 2071 1353 2136 simul

254 2195 298 2259 ex
324 2175 551 2243 historicorum
580 2170 732 2262 traditis„
760 2173 888 2260 Ephori
916 2169 1116 2260 potissimum
1144 2179 1179 2239 et
1205 2171 1354 2259 Polybii,

232 2277 406 2342 illustrat.
447 2275 518 2340 Iam
538 2273 758 2359 Hellanicum,
779 2273 979 2339 Demetrium
994 2270 1192 2361 Scepsium,
1213 2271 1355 2359 Thucy-

255 2373 364 2440 didem
384 2380 418 2440 et
437 2374 560 2460 passim
592 2390 718 2458 quoque
746 2372 959 2439 Aristotelem
988 2389 1084 2462 quum
1109 2372 1144 2439 in
1171 2373 1354 2438 uniuersae

255 2474 475 2560 Peloponnesi
494 2470 716 2558 descriptione
736 2477 871 2538 secutus
892 2480 999 2558 esset,
1018 2471 1147 2559 Polybii
1169 2474 1354 2540 auctorita·

1 2591 2 2646 ξ
117 2605 121 2611 ’
255 2565 323 2640 tem
343 2572 510 2660 exemplar
530 2571 593 2637 sibi
615 2572 771 2660 ologitin
799 2570 1026 2640 describendis
1046 2572 1185 2640 Achaici
1205 2571 1353 2640 foederis

254 2674 477 2757 formantque
497 2672 661 2738 institutis.
704 2671 814 2742 Tanta
834 2679 942 2742 autem
962 2672 1049 2764 apud
1069 2681 1204 2741 veteres
1220 2673 1353 2768 Polybii

127 2815 132 2822 -
256 2773 315 2841 suit
336 2773 532 2859 auctoritas,
552 2777 604 2858 ut,
633 2776 788 2858 quotquot
813 2779 889 2860 post
916 2792 989 2840 eum
1015 2775 1171 2843 vixerunt
1200 2775 1352 2862 scripse-

257 2880 397 2959 runtque
417 2870 459 2937 de
475 2869 677 2938 Graecormn
689 2873 953 2940 Romanorumve
966 2875 1083 2962 rebus,
1103 2875 1162 2940 vix
1182 2875 1354 2960 quisquam

157 3045 160 3052 ,
238 2991 239 2994 ’
258 2977 290 3042 ei
310 2969 454 3040 diffidere
475 2976 660 3037 conaretur.
702 2968 773 3038 Sed
792 2972 878 3040 haec
897 2971 1055 3062 deinceps
1080 2972 1260 3041 videbimus
1289 2991 1353 3039 ac-

237 3073 414 3153 curatius.
456 3071 497 3138 In
522 3069 714 3138 defirdendis
742 3078 851 3140 autem
876 3073 1021 3140 locorum
1048 3073 1232 3141 intervallis
1258 3091 1352 3139 eom-

257 3173 388 3264 paravit
408 3189 481 3238 cum
493 3170 629 3257 Polybio
642 3171 885 3240 Artemidorum·
901 3179 935 3242 ct
948 3173 1204 3240 Eratosthenem
1217 3169 1353 3240 Strabo.

209 3287 213 3292 ·
242 3279 244 3282 ’
341 3269 446 3353 Quam
466 3271 506 3339 ob
527 3288 597 3338 rem
618 3289 712 3358 quum
734 3280 768 3340 et
787 3271 910 3342 Strabo
932 3280 967 3340 et
979 3273 1163 3342 Pausanias
1183 3275 1247 3362 ipsi
1267 3275 1353 3340 visi-

258 3373 404 3440 taverint
417 3370 609 3459 Graeciam,
629 3370 818 3440 Herodotus
839 3393 921 3442 vero
942 3381 976 3440 et
989 3375 1144 3462 Polybius
1164 3373 1353 3442 inGraecia

258 3475 333 3562 ipsa
352 3473 454 3539 vitam
474 3468 648 3559 degerint,
668 3472 801 3540 Homeri
821 3479 1013 3562 praeterea,
1043 3473 1203 3570 Herodoti
1228 3475 1353 3562 ipsius,

260 3569 471 3658 Thucydidis,
493 3571 700 3659 Aristotelis,
721 3573 865 3662 Polybii,
886 3573 1136 3664 Eratosthenis,
1158 3568 1372 3661 quantorum
1419 3662 1424 3668 ι

226 3713 232 3734 ,
259 3673 420 3758 virorum,
434 3669 624 3759 Strabonis,
637 3671 734 3758 Livii,
746 3673 929 3760 Plutarchi,
943 3674 1130 3742 Pausaniae
1144 3671 1186 3740 de
1193 3673 1353 3742 Achaeo·

188 3843 190 3848 ,
259 3791 332 3838 rum
351 3770 484 3838 urbibus
504 3770 713 3836 narrationes
739 3772 796 3837 vel
810 3766 971 3861 notulae,
1000 3771 1088 3842 haud
1116 3777 1225 3840 tamen
1253 3791 1353 3858 sper-

261 3869 410 3958 nendae,
441 3867 485 3938 ad
511 3874 660 3948 nostram
683 3873 897 3957 pervenerint
924 3879 1084 3960 aetatem,
1125 3872 1190 3936 iam
1223 3869 1354 3938 dubium

260 3973 383 4040 nullum
397 3971 477 4056 erit,
492 3962 568 4056 quin
582 3975 697 4036 nostra
717 3988 843 4057 quoquc
856 3970 898 4038 de
908 3972 1059 4042 Achaiae
1071 3971 1205 4038 urbibus
1224 3967 1352 4057 disqui-

134 4091 136 4104 ⁴
261 4073 355 4160 sitio,
402 4071 621 4156 recentiorum
654 4071 789 4160 insuper
818 4074 1101 4162 peregrinatorum
1128 4069 1351 4156 editorumque

126 4245 129 4253 f
261 4171 422 4244 relatione
442 4176 541 4258 atque
560 4171 760 4263 auctoritate
778 4172 872 4272 nisa,
892 4178 1052 4270 accurata
1070 4172 1203 4250 censeri
1223 4167 1350 4258 fideque
