2902 4956
615 296 1022 432 '‚-'1s-.

277 541 321 591 ιι
348 527 473 602 tantum
498 527 615 616 regio,
641 533 726 616 quae
753 528 797 596 ab
825 530 951 600 emente
978 549 999 598 a
1026 529 1254 618 Sicyoniorum
1281 541 1376 600 terra

223 672 232 694 .
278 627 416 714 situque
446 624 674 718 corinthiaco,
705 631 760 718 qui
784 628 870 698 idem
896 632 1170 721 septentrionales
1197 634 1268 701 eius
1294 651 1376 700 oras

277 725 385 815 alluit,
412 727 455 796 ab
476 727 647 797 occidente
668 748 690 796 s
709 731 792 798 mori
811 733 902 803 lonlo
916 738 958 799 et
977 730 1093 819 Elide,
1122 747 1144 798 a
1169 731 1375 800 meridionali

140 893 142 900 .
275 821 415 916 denique
435 838 531 918 parte
551 831 594 898 ab
614 829 723 920 Elide,
743 827 891 899 Arcadia
910 837 945 899 et
958 831 1121 921 Argolide
1141 830 1374 900 circumcludi-

275 921 357 1016 tur,
377 930 487 1017 prisco
516 931 571 998 illo
597 933 728 1000 nomine
754 933 899 1022 Aegialo
928 932 1189 1021 nuncupabatur.
1240 933 1374 1000 Ultimis

194 1015 215 1035 “
273 1047 356 1096 vero
376 1031 594 1122 temporibus,
623 1049 719 1120 quum
744 1033 895 1102 Achaiae
918 1049 1039 1100 momen
1065 1039 1169 1099 totam
1195 1031 1375 1099 Graeciam

273 1127 583 1222 comprehenderet,
607 1135 683 1200 vioe
702 1149 806 1201 versa
825 1131 976 1200 Helladis
996 1149 1116 1200 nomen
1137 1132 1287 1200 Achaiae
1309 1133 1374 1200 soli

270 1228 453 1318 inpositum
480 1237 552 1322 est,
581 1239 616 1300 et
641 1235 749 1301 multis
778 1233 915 1321 Hellas,
946 1230 1090 1321 Sicyon,
1119 1231 1405 1330 Peloponnesusx

165 1365 169 1372 ·
271 1325 358 1397 idem
385 1333 616 1400 valebautc
574 1330 638 1427 (cti
669 1333 795 1424 Hagen
825 1336 846 1400 l
876 1349 904 1400 c.
932 1353 963 1422 p
990 1335 1041 1412 11.
1077 1329 1373 1400 clotsendem

270 1429 440 1498 Achaia
428 1451 463 1498 ιιι
488 1433 633 1522 Allgem
654 1385 1437 1564 l'rlncyclop.ellsllrsehett'iruber¹121.¹

194 1575 195 1580 ι
222 1585 225 1594 ,
325 1531 459 1597 esus
1436 1533 1437 1560 *

267 1549 302 1632 'P
352 1526 491 1702 luceia}
514 1618 609 1701 buius
634 1639 747 1727 terrae
771 1637 891 1725 priscis
910 1635 1109 1726 temporibus
1129 1633 1297 1723 Aegialeo
1316 1633 1375 1701 vel
1436 1609 1437 1696 Ῐ

268 1730 433 1822 Aegialus
457 1729 566 1802 dietae
592 1741 731 1804 vocatos
759 1755 838 1803 esse
860 1734 1036 1822 Αἰγιαλεῖς
1056 1752 1251 1823 quamquam
1275 1733 1370 1803 Pau-
1436 1745 1437 1752 ’

267 1833 381 1898 sanias
402 1839 518 1901 auctor
531 1840 742 1923 vest„¹tamelr
761 1835 870 1906 assu
891 1837 1056 1905 Rocbette
1077 1837 1136 1926 tin
1155 1836 1305 1902 Histoire
1326 1831 1373 1902 de

267 1929 401 1997 l'Eltabl.
415 1929 447 1996 d.
462 1934 568 2001 colon.
586 1934 645 2002 Gr.
666 1935 705 2000 T.
719 1937 763 2003 II.
777 1957 809 2024 p.
823 1936 900 2025 88.)
915 1937 1032 2002 mutari
1052 1935 1157 2002 voluit
1177 1935 1212 1999 in
1226 1932 1372 2020 Αἰγιεῖς,

266 2031 398 2098 nomine
419 2032 462 2100 ab
484 2049 550 2100 una
570 2048 683 2102 earum
703 2037 878 2126 regionum
897 2035 981 2103 urbe
1001 2033 1044 2100 ad
1065 2039 1168 2102 totam
1188 2049 1280 2100 oram
1298 2051 1375 2100 ms-

266 2130 408 2200 ritimam
428 2134 564 2222 eiusque
583 2132 785 2206 habitatores
805 2153 978 2226 perperam
997 2135 1172 2222 manslato,
1185 2149 1250 2205 nee
1263 2135 1375 2201 nrinus

267 2231 434 2322 omuibus,
456 2253 538 2321 quos
559 2254 661 2325 supra
681 2235 832 2324 laudavi,
859 2235 1075 2323 scriptoribus
1095 2234 1373 2326 repugnantibus,

267 2329 329 2396 sed
349 2331 515 2399 Pausania
536 2337 634 2402 etiam
654 2331 731 2428 (ll,
756 2339 797 2424 a,
820 2336 876 2423 ι.)
904 2330 1118 2436 disertissime
1139 2341 1374 2424 asseverante,

265 2433 368 2497 totam
387 2433 550 2502 Achaiam
577 2440 612 2502 et
639 2435 735 2504 simul
761 2417 968 2524 sicyoniam
972 2437 1109 2526 Aegiali
1134 2437 1267 2504 nomine
1294 2436 1373 2503 olim

267 2532 539 2622 comprehensam
559 2553 647 2603 esse.
694 2531 759 2617 Qui
779 2537 1024 2627 Aegialeuses,
1052 2555 1148 2624 quum
1167 2535 1374 2626 Pelasglcae
1411 2571 1438 2610 ,ι

205 2665 208 2670 -
264 2633 560 2724 gentis.propago
590 2637 694 2704 fuisse
723 2635 914 2726 videantm,
945 2639 1058 2726 vocati
1086 2643 1164 2704 sont
1191 2634 1374 2722 Πελασγοὶ

265 2726 445 2820 Αἰγιαλέες
463 2735 733 2806 testellerodoto
748 2735 849 2828 (Vll,
862 2735 954 2830 aa),
974 2736 1069 2806 modo
1089 2751 1134 2805 ne
1153 2737 1241 2804 huno
1257 2735 1373 2803 locum

265 2835 317 2900 ita
340 2835 611 2932 interpretemur,
641 2840 737 2927 quasi
764 2839 865 2907 lones
895 2849 1010 2907 comm
1038 2839 1211 2946 regionum
1239 2836 1372 2906 incolae

269 3029 516 3051 m

281 3148 285 3154 “
318 3145 323 3154 ’
368 3154 500 3209 eiusmodi
519 3158 594 3225 regni
611 3137 745 3232 mosqit‘am
763 3159 866 3212 mentio
884 3157 956 3228 facts
974 3157 1018 3222 sit,
1037 3162 1202 3210 noceantne
1220 3153 1373 3206 Pausaniae

369 3243 423 3312 (ll,
441 3247 469 3308 b,
488 3243 527 3313 5.)
545 3245 764 3319 reliquorumque
782 3246 943 3322 scriptorum
961 3244 1149 3298 auctoritatem
1166 3256 1287 3312 pugnare
1305 3257 1372 3311 pos·
1437 3233 1438 3238 ’

282 3379 285 3386 .
369 3344 438 3394 suus,
452 3338 607 3384 constanter
618 3332 834 3398 amaverantium,
848 3331 985 3399 Aegi'alum
1004 3346 1090 3397 regem
1110 3327 1213 3384 illarum
1231 3327 1373 3394 regionum

191 3407 195 3416 ’
257 3415 260 3424 ’
368 3415 576 3470 vetustissimum
602 3426 630 3472 et
648 3417 709 3472 urbi
726 3429 754 3474 et
770 3426 856 3472 terras
874 3417 978 3486 Aegiali
1002 3415 1047 3472 vel
1063 3414 1204 3482 Aegialeae
1221 3429 1323 3466 nomeu
1342 3413 1373 3465 in

223 3517 230 3532 ³
297 3538 300 3542 -
368 3502 410 3556 sui
427 3503 584 3558 memoriam
602 3493 768 3578 imposuisse}
812 3506 884 3560 llioc
902 3505 995 3576 itaque
1012 3511 1087 3574 patet
1104 3519 1180 3570 agros
1198 3499 1372 3582 illossingu·

264 3600 270 3614 ·
368 3587 409 3642 los
427 3591 660 3662 possessionesque
678 3607 758 3664 supra
776 3591 861 3646 dicias
885 3608 942 3644 non
961 3587 1069 3663 quidem
1087 3588 1122 3641 ad
1139 3588 1232 3640 urbem
1250 3583 1372 3654 siugula-

369 3693 441 3740 rem‚
470 3676 516 3730 sed
534 3675 569 3730 sd
586 3685 673 3732 terrm
691 3679 782 3750 potius
799 3677 956 3750 ampliorem
980 3665 1110 3730 ambitum
1128 3671 1370 3728 referendos-esse.

368 3759 511 3818 Muellerus
529 3763 550 3816 l.·
561 3781 590 3830 ¹e.
609 3764 740 3834 Polybu'm
759 3762 881 3833 Sicyonis
898 3781 986 3832 regern
1004 3771 1103 3826 vocat,
1121 3769 1151 3814 ιι
1168 3767 1225 3814 erat
1243 3756 1371 3835 Cpriulhi

369 3865 417 3902 rex
432 3850 480 3920 (cl.
499 3850 625 3928 Apollod.
643 3847 786 3924 UIJM·
805 3869 866 3907 cum
883 3849 944 3904 Not.
963 3850 1062 3917 lleynil
1080 3849 1122 3902 Τ.ι
1133 3848 1182 3900 lll.
1201 3865 1228 3918 p.
1246 3848 1308 3902 597.
1327 3863 1369 3916 sq.

368 3934 450 3988 Diod.
470 3935 523 3990 Sic.
542 3938 590 4002 lv,
603 3938 646 3994 6⁴.
661 3955 701 4010 sq.
720 3934 783 3992 coll.
802 3937 884 4010 Sopb.
899 3935 967 3990 Oed.
979 3937 1009 3990 li.
1026 3937 1086 3994 775.
1106 3931 1203 4000 Hygia.
1221 3930 1288 3984 Feb.
1300 3929 1368 3997 bia).

369 4017 516 4075 Colinlbiis
534 4019 615 4093 igitur
632 4022 680 4076 illo
698 4029 910 4096 cerletsmpore
933 4041 990 4077 non
972 4021 1113 4076 nvideurt
1131 4019 1160 4072 iu
1178 4017 1370 4086 Sicyoniorum

369 4105 485 4174 ditione·
490 4108 529 4161 lu
503 4125 580 4163 ιι.ιιιι
625 4109 785 4181 Occupsve
772 4117 814 4161 ιι
831 4109 921 4163 autem
937 4107 1009 4162 idem
1026 4105 1131 4176 Psaolyb
1133 4123 1144 4158 s
1162 4119 1208 4172 sgr
1196 4120 1254 4156 rum
1273 4103 1370 4171 Sicyo·

368 4196 398 4250 ni
400 4213 444 4248 om
462 4195 579 4276 (Herod
596 4197 639 4262 V,
657 4198 723 4266 67).
770 4195 928 4264 iincipitur
945 4202 1017 4250 certe
1033 4193 1111 4248 loco·
1104 4189 1269 4244 -lluellerir
1256 4205 1369 4260 regnum

38 4262 44 4274 ’
143 4276 151 4290 '
367 4281 555 4356 Sicyoniseom
571 4281 687 4340 stabiliri
704 4300 762 4340 noo
779 4289 878 4411 potest.
