2864 4960
504 367 805 438 -139..

98 559 190 626 urna
205 557 304 623 Arat.
319 574 348 622 c.
364 555 477 620 2421.
488 556 544 620 88.
557 555 609 620 24.
629 553 745 642 Polyb.
763 553 809 642 11,
820 555 873 644 47,
889 558 918 620 1.
931 557 1005 624 coll.
1015 555 1114 626 Paos
1125 556 1200 648 vn,
1252 575 1263 601 '

97 661 141 744 2,
163 658 196 722 2.
218 655 313 743 vlu,
333 657 372 742 8,
392 657 423 720 a
461 656 514 743 22,
533 657 576 742 h,
596 659 776 742 temporum
791 655 952 725 rationem
965 677 1032 726 non
1045 658 1202 728 habuisse

98 765 175 824 tres
196 756 295 843 illos,
316 773 450 841 qnorum
471 755 680 822 narrationes
701 754 881 846 sequimur,
901 759 1081 847 scriptores
1101 759 1202 826 intel-

96 858 239 948 ligitur3
261 863 364 943 quare
385 853 515 922 dicicilc
536 857 665 924 omnino
685 854 775 923 dictu
795 862 864 947 est,
891 875 954 945 quo
975 877 1062 928 anno
1084 861 1203 949 singu·
1300 848 1308 859 ⁸

96 959 157 1026 lae
177 960 267 1026 istae
295 955 540 1046 expeditiones,
564 955 686 1046 Agidis
717 954 882 1023 adversus
903 959 1079 1047 Pellenen,
1106 959 1204 1027 Arati

97 1065 259 1146 qnathror
281 1064 397 1125 contra
408 1059 642 1146 Athenienses,
664 1062 842 1145 susceptae
862 1058 939 1125 sint.
981 1055 1205 1140 Quatereoim

96 1160 245 1226 Aratum
265 1161 301 1226 in
335 1159 481 1226 Atticam
510 1161 622 1247 copias
648 1157 784 1226 duxisse
813 1160 951 1226 coniicio
972 1178 1016 1228 ex
1036 1161 1206 1233 Plutarchi

96 1261 315 1328 narratione:
346 1254 388 1351 1)
412 1259 507 1326 Anat.
534 1277 562 1326 c
592 1261 643 1324 24.
685 1253 729 1350 2)
759 1259 856 1327 Arai.
884 1277 913 1326 c.
940 1263 992 1326 88.
1033 1256 1079 1353 8]
1107 1263 1204 1329 Arat.

98 1378 130 1439 o.
162 1361 218 1426 24.
261 1354 305 1450 A]
324 1359 419 1425 Arai.
440 1377 470 1424 c.
490 1362 541 1424 84.
563 1365 647 1426 extr.
670 1361 743 1427 coll.
764 1360 864 1427 Paos.
886 1361 937 1449 Π,
966 1365 1008 1451 8,
1038 1365 1069 1428 bt
1111 1361 1204 1430 Con-

97 1461 196 1550 gruit
215 1459 346 1546 Polybii
365 1457 439 1553 (ll,
464 1453 538 1550 48.)
565 1461 761 1550 computatio
788 1463 1042 1530 accuratissime
1060 1481 1132 1530 cum
1154 1469 1207 1531 re·

96 1563 217 1651 liqna,
255 1577 447 1648 quamquam
476 1561 676 1651 Helvingius
707 1558 761 1656 (p.
780 1565 833 1634 al.
854 1563 898 1633 N.
926 1558 980 1655 2.)
1008 1567 1206 1636 contrarium

97 1661 190 1732 dicit.
220 1656 294 1755 (cf.
316 1659 458 1734 Glinton.
479 1661 501 1732 l.
523 1679 551 1728 c.
573 1685 604 1751 p·
625 1657 722 1754 212.)
766 1661 878 1734 Prinna
908 1673 1017 1732 autem
1047 1667 1144 1733 Arati
1172 1665 1207 1732 in

97 1764 250 1830 Atticam
277 1759 448 1850 expeditio·
470 1766 547 1831 rium
576 1763 674 1830 alteri
704 1781 749 1832 an
769 1767 903 1854 tertiae,
924 1785 1010 1854 quae
1024 1765 1203 1834 secundam

99 1863 278 1950 continuo,
299 1861 389 1928 nullo
409 1863 594 1931 intermisso
616 1883 721 1948 anno,
748 1871 866 1932 secuta
886 1875 959 1955 est,
988 1867 1085 1932 Arati
1104 1884 1205 1954 prae-

97 1969 198 2030 turae
220 1964 266 2030 sit
286 1962 511 2052 attribuenda,
540 1966 643 2032 certis
663 1965 793 2032 indiciis
823 1963 1067 2054 deficientibrm‚
1096 1965 1137 2032 ad
1162 1968 1205 2032 li-

97 2063 233 2158 quidnm
253 2061 391 2157 perduci
410 2065 457 2136 ita
477 2085 544 2132 non
565 2070 691 2154 potest,
712 2070 748 2131 ut
770 2065 878 2134 nullus
904 2061 1073 2136 dubitandi
1094 2085 1203 2132 rema-

97 2171 181 2234 neat
195 2164 308 2232 locus.
350 2165 431 2234 Mox
451 2185 549 2252 quum
570 2167 725 2253 quintum,
746 2171 890 2253 sextum,
911 2167 1083 2254 septimum
1103 2184 1204 2253 prae·

97 2271 151 2341 tor
166 2268 263 2334 esset
276 2262 476 2359 (alo-2³6
490 2285 521 2336 a.
536 2259 637 2358 Chr.)
650 2263 733 2335 duas
748 2267 782 2334 in
795 2267 942 2342 Atticam
953 2263 1156 2359 (secundam
1170 2270 1204 2331 et

99 2359 260 2458 tertius]
278 2367 356 2433 fecit
375 2366 622 2460 expeditionem
650 2371 799 2454 quartam
834 2385 916 2434 vcro
949 2372 1025 2454 post
1045 2364 1206 2454 Demetrii

98 2461 230 2534 demum
251 2471 408 2554 monem,
430 2483 525 2554 quum
544 2465 716 2556 Lydiadas
736 2464 824 2556 apud
842 2467 1001 2534 Achaeos
1022 2469 1122 2534 tertia
1143 2483 1204 2531 sua

98 2573 262 2656 praetura
281 2567 477 2658 iungeretur
506 2575 540 2636 et
565 2570 692 2637 Aratus
721 2571 858 2636 initurus
891 2574 982 2634 esset
1002 2565 1205 2634 undecimam

99 2687 206 2757 snam,
229 2669 338 2734 caca.
354 2666 431 2738 cor.
452 2670 625 2738 Mansonis
645 2691 727 2737 vero
743 2667 877 2764 (Spart.
898 2671 960 2756 111,
981 2672 1011 2734 2.
1033 2691 1063 2756 p.
1086 2670 1149 2732 128
1162 2704 1205 2717 -

101 2765 197 2862 127.)
217 2771 374 2858 temporis
396 2769 629 2858 definitionem,
666 2771 791 2842 scilicet
821 2767 1011 2843 Corinthum
1040 2769 1204 2852 reliquas-

100 2889 163 2956 que
186 2871 287 2942 urbes
309 2877 519 2960 expugnatas
540 2879 574 2939 et
587 2869 710 2961 Agidis
725 2869 967 2959 expeditionem
981 2866 1034 2942 01.
1049 2871 1203 2940 124515-

100 2977 252 3060 mptum,
283 2990 350 3038 non
379 2990 456 3047 esse
481 2978 689 3060 accuratam,
717 2973 855 3058 quiaque
875 2970 939 3036 sibi
958 2970 1047 3038 facili
1067 2966 1203 3056 negotio

98 3069 324 3160 persuadebit,
345 3072 400 3158 (poi
419 3072 545 3158 Polybii
565 3074 671 3140 uerba
684 3069 750 3166 (ΙΙ,
764 3067 839 3164 44.)
858 3072 1017 3140 attentius
1043 3070 1201 3156 inspexe-

101 3174 162 3262 rit3
190 3171 314 3237 tollitur
343 3172 440 3238 etiarn
467 3171 699 3254 ammonius,
726 3175 780 3260 qui
806 3174 1012 3260 Antigonum
1039 3168 1204 3236 Gonatam

99 3275 163 3338 248
177 3289 208 3338 a.
219 3272 298 3342 Chr.
308 3277 466 3340 mortuum
479 3291 557 3346 esse
571 3271 668 3366 dicit3
682 3273 750 3345 sato
765 3274 925 3341 animilia
937 3290 967 3336 a.
980 3268 1059 3337 Chr.
1076 3267 1203 3336 demum

97 3371 234 3442 functus
256 3379 318 3442 est.
360 3371 517 3460 Idemque
537 3373 839 3446 Mauso-Pellenen
860 3374 901 3442 ab
915 3369 1028 3460 Agide
1041 3371 1203 3444 tentatam

99 3493 179 3543 csse
201 3479 317 3562 negat.
369 3474 417 3544 at
439 3491 523 3560 quae
543 3479 610 3540 tum
631 3471 777 3560 Spartae
797 3474 1004 3563 gerebantur
1025 3487 1082 3537 res
1105 3469 1202 3555 cogi-

97 3577 183 3646 tanti
204 3575 284 3643 mihi
304 3591 346 3648 ac
365 3573 535 3642 Plutarchi
555 3571 598 3644 de
623 3572 746 3662 Agidis
768 3575 839 3642 vita
857 3571 1080 3639 narrationem
1095 3569 1201 3636 animo

97 3673 280 3764 reputanti,
299 3674 364 3739 iam
381 3675 505 3740 clarum
525 3673 572 3760 it,
593 3672 748 3764 Agidem‚
769 3678 945 3760 antequam
957 3669 1103 3738 civitatis
1118 3685 1201 3736 con·

99 3773 259 3842 ditionem
286 3771 436 3864 Lycurgi
474 3773 607 3862 legibus
645 3774 812 3840 revocatis
844 3767 1071 3838 renovandam
1102 3774 1200 3855 atque

100 3871 342 3942 emendandam
370 3873 572 3960 susceperit,
604 3873 681 3940 belli
709 3873 820 3965 gloria
847 3881 946 3964 parta
977 3891 1109 3938 suornm
1139 3869 1219 3969 sibi

100 3973 368 4044 benevolentiam
396 3973 634 4056 amicitiamque
670 3989 862 4062 comparare
888 3971 1034 4044 voluisse
1063 3974 1199 4054 eamque

100 4076 142 4144 ob
164 4091 320 4144 caussam
340 4073 588 4161 impressionem
608 4072 642 4138 in
656 4072 865 4155 Achaeorum
878 4070 962 4140 fines
975 4070 1114 4158 iecisse3
1135 4086 1198 4134 ve-

100 4195 172 4244 rum
193 4179 233 4244 re
254 4176 360 4242 minus
380 4169 582 4256 succedente
602 4188 676 4236 com
696 4171 801 4239 Arato
822 4171 973 4246 lubenter
985 4167 1119 4236 foedere
1132 4168 1198 4233 icto

102 4276 216 4344 imane
238 4275 446 4360 societatem,
472 4269 669 4364 praesertim
689 4287 785 4358 qutun
802 4269 879 4355 «bic,
913 4269 944 4334 si
966 4269 1064 4367 'regis
1093 4266 1197 4335 hesti-
