2844 4952
567 389 572 404 ,
709 319 883 408 -tot
931 357 981 374 ··

295 541 334 593 re
354 539 488 612 passum
508 537 586 588 esse
606 485 749 588 tradunt.
800 513 912 600 Quare
938 537 1012 586 eom
1036 523 1072 586 et
1100 519 1144 587 ah
1163 517 1296 588 Achaeis
1311 521 1352 588 ai·

293 630 478 713 mperatum
499 628 533 690 ct
554 639 575 688 a
590 618 767 708 Spartanis
781 619 931 688 derisum
940 618 1108 709 Lydiadas
1121 621 1279 706 sequeutia
1290 621 1351 688 anui

288 731 478 812 praeturam
498 725 658 789 affectans
679 720 765 810 apud
792 722 1002 790 Achaeorum
1029 720 1199 789 concilium
1224 719 1351 786 crimica-

289 830 344 890 tua
365 830 438 911 est,
458 841 566 908 neque
585 829 697 888 tamen
717 819 889 908 quidquam
909 821 1034 909 effecit,
1059 823 1184 887 Aratus
1204 820 1281 886 euim
1298 819 1351 884 soi·

284 920 580 1014 tragiis'omuihus
609 928 743 1010 praetor
770 919 993 990 duodecimum
1015 926 1147 987 creatus
1168 921 1237 1006 est,
1260 917 1313 981 222
1328 933 1350 980 a.

286 1022 365 1094 Chr.
387 1024 584 1092 Cleomenes
605 1028 715 1088 autem
743 1015 958 1109 ἐθρασύνετο
991 1014 1081 1108 πρὸς
1109 1012 1190 1096 τοὺς
1215 1015 1350 1093 πολίτας,

286 1127 350 1189 καὶ
370 1126 444 1189 τῶν
473 1121 641 1188 παλαιάν
673 1112 767 1198 τινὸς
797 1113 924 1200 αὐτοὺς
955 1121 1175 1210 ἐνεμιμνηοκο
1196 1107 1351 1194 βασιλέοιν,

284 1213 463 1300 ἑιιιόντος,
494 1215 551 1287 ὁτι
578 1213 691 1312 μάτην
718 1214 998 1308 Λακεδαιμόνιοι
1026 1212 1268 1288 πυνθάνονται
1289 1216 1351 1298 περὶ

283 1323 357 1389 τοῖν
379 1319 577 1408 πολεμίων,
601 1318 642 1384 οὐ
665 1313 774 1386 πόσοι
795 1318 900 1399 εἰσὶν,
932 1311 1024 1388 ἀλλὰ
1046 1319 1120 1386 ποῦ
1141 1315 1232 1388 aicta.
1267 1310 1350 1406 (Pin
1390 1308 1391 1396 t

281 1419 404 1490 Oleum.
427 1439 456 1486 c.
476 1423 507 1484 4.
530 1421 625 1486 Arat.
647 1437 676 1486 c.
699 1413 775 1510 hd.)
1391 1472 1392 1512 ,

365 1518 521 1590 Schornii
551 1521 585 1584 in
619 1523 784 1606 praeturis
815 1521 914 1586 Arcti
950 1516 1188 1608 constituendis
1221 1513 1351 1583 rationem
1391 1523 1392 1544 ¹

147 1650 157 1658 ’
283 1615 327 1711 [Ι.
350 1637 379 1685 c.
400 1640 432 1708 p.
454 1619 525 1683 107.
547 1617 653 1702 Not)
675 1637 742 1686 nou
762 1619 876 1708 probo.
917 1618 1044 1706 Bayeri
1062 1639 1146 1687 vcro
1159 1614 1202 1710 (1.
1216 1633 1242 1682 c.
1261 1635 1289 1702 p.
1306 1613 1352 1676 tto
1392 1634 1393 1696 t

280 1715 436 1806 Aac.)
464 1725 499 1784 ct
532 1717 674 1784 corsinii
694 1717 748 1812 (Ι.
777 1737 806 1785 c.
836 1715 871 1807 s.
898 1713 961 1810 t.)
990 1719 1256 1808 computationem
1283 1712 1351 1780 vitis

281 1819 447 1886 nonnum
468 1816 709 1886 loconessam
728 1819 849 1888 namo
876 1818 920 1914 (ι.
943 1837 972 1886 e.
992 1822 1062 1910 ιιι,
1091 1823 1122 1885 a.
1142 1817 1261 1908 paee.
1279 1803 1351 1900 sqq.)
1393 1798 1394 1870 t

279 1923 439 1985 accurate
473 1916 723 1994 demonstravit.
786 1916 858 1986 Sed
888 1917 1085 2007 videamus,
1122 1919 1175 2006 qui
1207 1917 1350 2003 praetores
1394 1960 1395 2012 ,

276 2019 488 2110 Achaeorum
508 2019 586 2088 belli
607 2016 809 2087 Cleomenici
837 2026 986 2108 tempore
1012 2021 1151 2108 fuerint,
1182 2011 1350 2093 accuratius,
1394 2015 1395 2052 o

131 2169 133 2176 ,
276 2137 321 2186 ue
341 2121 467 2186 incauti
488 2121 524 2185 in
545 2137 680 2187 errores
701 2121 826 2187 similes
847 2119 1048 2188 delabamur.
1160 2127 1161 2130 ’
1395 2124 1396 2196 t

360 2220 615 2286 Aristomachus
635 2219 791 2309 Argivos
820 2220 1032 2288 Achaeorum
1061 2219 1258 2311 reipublicae
1275 2227 1352 2279 assu·

277 2318 379 2416 cievit
411 2337 507 2404 quum
536 2316 707 2406 Lydiadas
737 2323 869 2388 tertiam
900 2326 1039 2408 gereret
1062 2325 1249 2410 praehuem
1271 2327 1352 2392 suan,

279 2415 300 2483 ὁ
321 2411 502 2508 Λυδιάδης
523 2415 574 2484 ἔτι
596 2423 802 2510 στρατηγῶν
824 2418 934 2512 (Prot.
957 2421 1053 2488 Aret.
1080 2437 1110 2488 c.
1133 2413 1224 2509 dd.]3
1244 2409 1351 2482 codem·
1397 2450 1398 2492 t

154 2587 157 2606 1
277 2533 341 2603 que
374 2535 462 2584 anuo
492 2518 719 2604 Athenienses
747 2525 965 2588 accesserunt
999 2519 1043 2586 ad
1073 2521 1246 2602 Achaeos,
1281 2498 1352 2576 ὁδὶ

245 2633 252 2646 “
278 2615 483 2706 (Ἄρατος),
505 2626 629 2709 καιαιρ
653 2611 775 2707 ἑτέρον
791 2618 991 2708 (Lydiadae)
1010 2615 1184 2707 ἄρχοντος
1203 2607 1278 2682 τότε
1296 2608 1350 2674 τῶν

280 2719 429 2804 Ἀχαιῶν
447 2715 555 2812 (Plut.
577 2720 599 2784 i.
621 2737 649 2785 c.
670 2714 763 2810 aa),
781 2737 869 2788 anno
890 2721 955 2786 229
975 2737 1005 2786 a.
1027 2719 1106 2788 Chr.
1138 2715 1263 2788 Achaei
1288 2723 1352 2777 varo

280 2817 433 2904 ἐνιαυτῷ
463 2813 608 2904 ὕστερον
638 2811 702 2887 τὸν
730 2813 985 2907 Ἀριστόμαχον
1014 2821 1156 2888 aihovro
1187 2801 1353 2904 στρατηγόν

173 2929 175 2934 “
281 2916 397 3008 (Phoe
417 2917 438 2982 l.
465 2936 494 2984 c.
519 2913 594 3009 85.)
622 2925 657 2986 ct
675 2913 941 3006 ’Ἀριστομάχου
970 2922 1248 3012 στρατηγοῦντος
1269 2910 1351 3008 (Plti

281 3015 406 3086 chaom.
428 3035 457 3083 c.
477 3013 530 3109 4.)
551 3026 765 3087 occuranmt
777 3019 907 3086 Achaei
921 3017 1090 3088 Cleomeni
1103 3029 1141 3089 ut
1158 3013 1351 3104 Methydrion

283 3117 372 3204 cepit
392 3121 426 3183 et
446 3115 490 3182 ad
510 3117 693 3184 Potentiam
714 3124 827 3185 castra
854 3121 983 3209 posuit,
1007 3123 1071 3188 227
1096 3139 1129 3188 a
1159 3120 1235 3189 Chr.
1272 3115 1352 3180 Auno

214 3289 219 3298 ,
282 3219 401 3308 igituir,
431 3219 486 3302 qui
506 3217 717 3286 intermedius
739 3225 812 3309 est,
846 3221 972 3288 Aratum
1000 3221 1044 3290 ad
1069 3224 1165 3292 vices
1189 3214 1352 3286 notissimas

283 3319 360 3385 ilias
382 3315 565 3406 expiendas
586 3317 793 3388 undecimum
820 3329 895 3388 erat
920 3328 1066 3411 practor—
1082 3327 1231 3407 creatus,
1255 3315 1353 3382 ma

284 3418 374 3508 Chr,
394 3418 543 3505 idemque
563 3427 639 3509 post
665 3420 887 3490 Aristomachi
915 3428 1105 3509 praeturam
1120 3415 1298 3510 τ’κράτηοι
1322 3409 1354 3496 τῇ

282 3527 481 3610 χειροτονίᾳ
513 3524 576 3586 καὶ
608 3513 650 3588 τὸ
682 3517 885 3589 δωδέκατον
919 3514 1027 3614 ᾑρέθη
1059 3512 1249 3615 στρατηγός
1273 3513 1353 3602 (Plut

244 3617 247 3626 '
281 3621 379 3688 Arae
401 3637 430 3686 o.
449 3623 517 3706 att)
536 3623 601 3686 226
619 3637 650 3686 a
672 3617 752 3690 Chr·
774 3621 957 3690 'Hanunea
983 3623 1026 3692 ah
1050 3623 1158 3690 Arato
1187 3621 1353 3707 occupatur·

283 3715 407 3787 Clades
427 3720 637 3788 Achaeorum
656 3718 700 3786 ad
720 3721 888 3808 uyoaeum
904 3729 1056 3795 montem
1083 3730 1119 3791 et
1147 3722 1191 3790 ad
1217 3714 1353 3807 Megalo-

281 3819 381 3907 potin.
412 3817 582 3906 Lydiadas
601 3837 759 3910 pugnans
780 3821 949 3889 occumbit
971 3821 1042 3889 Res
1062 3823 1106 3892 ah
1122 3823 1229 3890 Arato
1249 3813 1288 3884 ad
1300 3809 1353 3880 Or·

282 3920 475 3988 chomcnum
494 3921 580 3988 bene
600 3927 710 4010 gesta
751 3921 1001 3992 Mantineeuses
1014 3943 1130 3992 rursus
1144 3920 1187 3988 ad
1200 3908 1353 3986 Lacedae·

281 4021 408 4088 mouios
428 4019 627 4089 desciscunt.
669 4018 794 4103 Quibus
815 4024 915 4092 rebus
942 4027 1052 4114 gestis
1071 4027 1198 4092 Aratus
1216 4019 1353 4110 praetura

247 4183 248 4188 ,
280 4141 348 4190 non
368 4119 464 4190 modo
483 4119 645 4211 decessit,
675 4117 737 4190 sed
757 4141 831 4191 eam
850 4126 949 4192 ettam
969 4127 1003 4192 in
1023 4130 1213 4214 perpetuum
1239 4115 1353 4226 thiarae

281 4223 340 4291 vit.
365 4214 584 4313 Ἑοτρατήγα
605 4221 858 4322 ὁῪατρβατάς
880 4217 961 4294 τότε
968 4271 979 4308 ,
1007 4226 1072 4296 τοῦ
1101 4225 1131 4292 δ’
1156 4215 1294 4311 Ἀράτου
1318 4230 1351 4276 w
