2902 4956
697 337 966 448 ..4..

289 571 370 644 blox
390 589 485 658 quun
497 567 705 638 Erechtheus
724 569 869 634 mortuus
889 568 987 652 atque
1001 563 1134 632 llutbns
1151 560 1226 630 tiliis
1238 562 1379 630 ilreoh·

290 673 358 743 thei
387 669 430 738 de
454 688 560 759 regno
590 664 819 746 dissidentibus
849 662 1049 751 disceptator
1075 663 1201 732 electus
1227 666 1320 728 esset
1339 665 1379 726 et

276 785 430 859 regnum
457 766 596 855 Cecropi
621 771 701 832 natu
719 765 857 832 maximo
878 761 1115 849 adiudicasset,
1136 763 1274 828 eiectum
1294 775 1379 825 esse

289 875 380 936 terra
405 887 426 934 a
453 865 609 952 Cecropis
635 864 789 930 iratribus
810 867 908 948 atque
928 861 962 927 iu
982 862 1179 950 Aegialeam
1197 860 1377 947 migrasse,

287 967 342 1032 ubi
363 966 446 1034 diem
467 966 601 1033 obiisset
622 957 813 1052 supremum.
854 961 886 1028 El
907 960 981 1026 filiis
1003 965 1112 1044 autern
1124 958 1294 1030 Achaeum
1313 973 1377 1022 as-

286 1066 401 1141 sumtis
433 1083 478 1132 ex
511 1063 654 1150 Aegialo
689 1062 895 1147 Athenisque
929 1039 1058 1125 auxiliis
1098 1059 1132 1124 in
1166 1055 1378 1123 Thessaliam

288 1163 409 1230 abiisse
429 1161 604 1248 sedemque
624 1166 795 1249 paternam
815 1161 858 1228 ibi
885 1175 1111 1246 recuperasse.
1153 1157 1266 1224 Iouem
1290 1172 1378 1221 vero

288 1281 384 1348 quum
403 1263 523 1330 bellum
543 1268 634 1328 esset
646 1259 905 1349 Aeginiensibus
927 1273 1101 1342 eorumque
1121 1273 1196 1343 regu
1188 1251 1379 1322 Selinunti

288 1361 437 1428 illaturus
457 1367 556 1448 pacta
575 1379 636 1447 per
655 1361 789 1448 legatos
809 1359 968 1425 societate
989 1353 1201 1442 adoptionis
1190 1371 1262 1420 rure
1276 1351 1380 1418 filium

286 1458 466 1526 Selinuntis
488 1477 565 1530 esse
585 1459 715 1528 factum.
750 1459 847 1525 Hunc
866 1476 948 1524 vero
961 1459 1075 1524 Ionem
1088 1451 1269 1522 Selinuntis
1291 1471 1378 1519 oon-

287 1557 425 1624 ditiones
455 1557 530 1624 sibi
545 1557 672 1624 oblatas
693 1558 834 1624 libenter
854 1557 1027 1644 accepisse
1047 1561 1185 1643 apparet
1204 1573 1225 1621 e
1244 1554 1378 1620 Pausa-

287 1657 362 1722 niae
382 1655 512 1723 verbis:
542 1662 604 1724 καί
621 1676 698 1732 πως
718 1651 832 1722 thura
853 1659 904 1741 τῷ
926 1652 1057 1722 Ἴωνι
1041 1648 1178 1742 aqa'raro
1206 1652 1268 1721 οὐκ
1299 1649 1377 1718 ἀπο

290 1748 426 1844 γνώμης
451 1751 540 1848 (non
566 1761 682 1823 contra
707 1757 805 1822 animi
831 1757 1044 1846 sententiam3
1072 1751 1159 1840 quod
1185 1750 1380 1882 adverbium

288 1845 364 1920 ἄπο
385 1852 528 1920 defendit
548 1851 700 1922 Siebelis
720 1850 1172 1945 1141111).Ι

371 1953 446 2019 Hae
466 1955 566 2042 igitur
587 1963 665 2021 sunt
684 1955 871 2020 Pausaniae
891 1959 925 2021 et
948 1951 1127 2020 Strabonis
1155 1952 1379 2039 narrationes,

289 2067 310 2116 e
336 2050 452 2136 quibus
478 2056 631 2136 quantum
660 2057 770 2138 potest
796 2055 831 2118 in
857 2073 950 2118 usum
976 2059 1122 2120 nostrum
1149 2050 1289 2118 conferri
1314 2047 1381 2116 de-

288 2150 483 2238 cerpsimus3
503 2148 656 2216 diversas
670 2151 757 2219 enim
769 2153 973 2240 singulorum
992 2153 1187 2237 scriptorum
1207 2148 1381 2236 opiniones

288 2246 332 2314 de
357 2248 512 2337 Pelasgis
541 2250 799 2335 Hellenibusque
818 2249 862 2316 'et
889 2251 964 2315 aliis
984 2250 1110 2338 populis
1130 2249 1272 2334 antiquis
1292 2264 1380 2314 euu-

288 2364 419 2414 merare
447 2346 714 2434 supersedemus,
746 2348 897 2432 quoniam
925 2345 1011 2413 haec
1034 2363 1058 2412 a
1077 2349 1248 2434 proposito¹
1263 2352 1381 2413 nostro
1443 2345 1444 2352 ³

290 2446 400 2512 aliena
421 2445 519 2510 etiam
539 2443 830 2532 praetermittenda
850 2443 1013 2537 duximus3
1035 2463 1172 2514 caussas
1185 2433 1381 2534 tamenpri-

289 2543 413 2612 marias
439 2541 583 2610 adiicere
607 2544 733 2632 ploret,
762 2553 897 2633 propter
927 2564 1009 2633 quas
1029 2538 1204 2614 Strabonis
1234 2543 1277 2614 de
1296 2546 1382 2612 Ione

291 2642 512 2712 narrationem
531 2643 780 2731 praeferendam
800 2663 878 2714 esse
898 2642 1129 2714 existimemus.

374 2739 563 2810 Herodotus
576 2737 612 2833 ⁴)
632 2745 717 2810 enirn
738 2763 833 2831 quum
853 2743 968 2814 eadem
988 2744 1031 2814 de
1050 2748 1165 2814 Ionum
1184 2743 1269 2832 apud
1286 2744 1382 2811 Atti-

189 2928 194 2936 1
293 2857 356 2908 cae
375 2841 523 2931 regionis
543 2843 670 2912 incolas
689 2846 864 2936 institutis,
891 2850 925 2913 et
944 2843 1163 2934 Apohodorus
1188 2845 1315 2914 incolas
1335 2844 1383 2913 ab

294 3057 538 3080 nuh—nnn..-

338 3186 368 3258 4)
393 3189 542 3245 Herodotus
565 3193 605 3257 V,
625 3197 667 3252 66.
693 3195 785 3249 scribit
816 3195 849 3249 de
874 3195 1011 3252 Clisthene
1029 3195 1229 3249 Atheniensium
1248 3200 1381 3260 tyranno·

393 3274 458 3348 pori
476 3283 518 3345 di,
535 3278 707 3354 τετραφύλους
724 3280 813 3348 ἐόντας
826 3280 998 3355 ’,Αθηναὶους
1020 3279 1176 3352 δεκαφύλους
1192 3285 1306 3350 lovium
1329 3283 1383 3338 τόν

275 3419 281 3434 ,
354 3424 359 3434 ,
389 3357 478 3426 Ἴωνος
498 3355 610 3432 uuidar,
637 3373 775 3434 I'rldorroe
797 3375 841 3426 aad
857 3367 1007 3444 Αἰγικόρεος
1022 3373 1066 3423 aab
1078 3362 1206 3440 Ἀργάδεω
1223 3371 1268 3422 καὶ
1280 3363 1383 3439 Ouirp-

393 3469 454 3511 τος,
475 3443 670 3516 ἃπαλλαδας
639 3465 687 3518 aar
704 3461 846 3527 ἐπωνυμίας
862 3478 920 3510 aa
903 3459 969 3511 ab
999 3453 1156 3506 Teleontem
1174 3470 1223 3523 pro
1244 3451 1381 3507 Gelaonte

391 3530 644 3590 acribitGronoriur
662 3555 706 3588 ex
711 3538 858 3592 Plutarchi
869 3539 924 3590 rita
943 3537 1048 3592 Solonis
1065 3555 1091 3609 p
1086 3539 1144 3594 91
1163 3546 1191 3592 et
1206 3535 1299 3608 soeph.
1317 3538 1381 3607 Byz.

392 3634 413 3669 a
431 3634 456 3670 r.
473 3618 645 3696 Αἰγικόρεωςῑ
639 3623 779 3676 ·Mrrmor
797 3633 883 3677 autern
897 3622 1023 3689 cyricum
1041 3621 1114 3693 opud
1126 3622 1238 3690 capium
1256 3622 1381 3688 (Reeueil

391 3701 519 3775 d'Antiq.
529 3706 623 3778 Egypt.
641 3716 692 3760 etc.
709 3709 741 3760 T.
761 3709 796 3760 ll.
814 3727 840 3779 p.
858 3707 930 3776 204.)
948 3715 1039 3761 tuetur
1055 3707 1170 3775 vulgarit
1187 3706 1308 3760 lectionis
1327 3720 1380 3760 no·

390 3803 452 3861 rnen
477 3789 631 3860 Geleontis;
659 3793 831 3858 Teleontem,
856 3792 930 3846 liutis
954 3794 1052 3866 (putria
1069 3791 1312 3862 Eteobuhdarum)
1330 3811 1381 3864 pa·

303 3896 308 3905 ·
340 3877 343 3882 '
391 3879 476 3937 trem,
497 3874 654 3945 Apollonius
681 3896 789 3950 quoque
813 3877 932 3932 Rhodius
956 3881 983 3942 1,
1002 3882 1044 3937 96.
1062 3878 1190 3933 nominat.
1226 3878 1276 3930 lon
1294 3879 1377 3943 euim,

391 3955 444 4012 nisi
462 3976 556 4026 magna
575 3961 630 4014 eius
647 3961 676 4014 in
692 3964 782 4016 Attica
799 3965 894 4018 fuisset
912 3967 1072 4029 auotoritas,
1096 3962 1147 4016 uisi
1169 3964 1283 4031 regalem
1300 3963 1378 4034 quari

393 4044 529 4114 quondam
547 4046 706 4102 obtinuisset
724 4049 888 4116 dignitatem,
908 4058 1036 4122 quattuor
1053 4049 1201 4118 aCesrcpc
1219 4047 1378 4102 constitutas

390 4130 594 4202 nominataeque
612 4132 697 4187 tribur
715 4135 772 4187 aliis
790 4136 959 4202 nominihus,
978 4153 993 4187 a
1012 4134 1072 4186 filiis
1085 4133 1232 4199 translatis,
1252 4134 1378 4200 insignire

388 4214 511 4284 proiecto
530 4232 609 4272 autur
627 4236 683 4273 non
700 4219 801 4291 fuerot5
821 4223 930 4276 nomina
948 4222 1041 4276 saltem
1058 4219 1118 4286 illa,
1136 4228 1230 4294 utpote
1248 4219 1282 4273 ah'
1301 4220 1377 4273 hoste
