2864 4960
462 365 767 445 21³5-

147 592 201 658 [44
222 597 370 681 ternpore
391 587 486 656 buius
506 589 673 656 4444444444
686 587 890 656 Macedonas
903 589 990 656 inter
1005 589 1161 660 4444144-

64 710 126 778 que
147 693 250 758 irritae
272 691 312 756 ci.
332 689 484 758 Mauso
473 709 508 754 m
530 685 720 778 Sparta'l'.
751 689 811 756 111.
840 689 876 756 Ρ.
907 692 938 754 a.
967 711 998 778 p.
1027 691 1098 802 141
1128 697 1161 758 et

65 789 641 886 1⁸2.ec1.ucas1.c.p;os.sqq.

145 890 273 958 Verum
312 889 442 957 Aetolis
477 909 545 956 non
581 891 685 956 scium
721 897 896 976 antequam
911 889 1055 977 Sicyon
1092 909 1165 957 cum

63 991 275 1059 Achaeorum
295 990 463 1078 republica
484 995 576 1058 esset
596 991 771 1056 coniuncta
796 987 856 1056 sed
887 1007 927 1056 eo
959 991 1056 1058 etiarn
1076 998 1161 1058 tem·
1210 991 1227 1032 ⁸

64 1109 162 1177 pore,
182 1108 251 1176 quo
272 1091 398 1156 Aratus
417 1093 482 1157 iam
494 1111 653 1157 summum
671 1091 910 1182 capessivisset
923 1091 1164 1179 magistratum,

65 1189 321 1278 cumAntigono
334 1191 570 1258 intercessisse
580 1188 880 1259 societatemdocet
889 1190 1165 1277 praeter-Plutar

65 1287 159 1356 chum
191 1287 275 1382 (uir.
296 1291 392 1357 Arai.
414 1309 442 1358 c
463 1286 642 1383 44415.)
676 1290 831 1378 Polybius
859 1289 978 1358 multis
994 1289 1094 1358 locis:
1121 1289 1165 1376 11,

65 1393 124 1478 44,
143 1395 177 1456 ο.
201 1393 253 1456 lo.
274 1391 333 1476 45,
354 1393 384 1455 1.
405 1393 435 1456 4.
469 1392 542 1460 4411.
571 1391 685 1460 lustin.
707 1387 885 1480 xxwli,
913 1393 943 1502 l.
964 1389 1079 1480 Polyb.
1100 1388 1163 1478 lX,

66 1487 465 1578 44,4.1444Χ141Π,44.

143 1591 218 1657 Iam
243 1609 288 1657 cx
300 1589 352 1657 his
367 1591 547 1680 apparebit,
568 1593 660 1658 satis
663 1590 814 1659 idoneam
827 1591 934 1660 Arato
947 1591 1050 1660 luisse
1064 1611 1164 1660 caus-

67 1709 154 1779 sam,
189 1707 271 1777 cnr,
307 1697 481 1779 antequam
500 1693 636 1761 Boeotis
657 1691 778 1759 anxflio
797 1693 946 1779 veniret,
976 1689 1165 1782 Calydonis,

66 1791 321 1878 praestantioris
353 1791 508 1860 Aetoliae
531 1793 642 1880 urbis,
679 1809 797 1881 agrum
825 1797 860 1859 et
889 1791 1064 1860 Locridem
1094 1811 1166 1859 cum

67 1891 197 1964 Aetolis
220 1892 443 1960 consociatam
463 1891 660 1960 devastaret
684 1909 861 1978 omnesque
892 1893 1083 1960 Aetolorum
1105 1897 1166 1960 444-

68 1991 256 2078 peditiones
277 1999 401 2058 somma
420 1991 591 2084 diligentia
606 1993 821 2078 observaret,
847 2011 889 2058 ne
903 1999 1032 2080 tempus
1045 2013 1165 2082 oppor-

68 2099 181 2159 tunum
203 2095 472 2184 praetermittens
493 2091 667 2161 socordiae
688 2091 894 2180 opprobrium
914 2093 986 2179 ipse
1007 2091 1069 2158 sibi
1086 2109 1168 2158 con·
1295 2147 1299 2162 ,
1321 2167 1324 2174 ‚

68 2192 229 2259 traheret.
258 2190 384 2278 -quue
410 2195 551 2261 maxime
579 2193 699 2258 bellum
712 2191 919 2258 4444144444
940 2207 1012 2258 eum
1032 2190 1168 2257 Boeotis

70 2295 227 2379 spectare
249 2289 379 2360 videtur
397 2291 554 2382 Polybius
574 2291 644 2380 IV,
664 2293 711 2378 ’5,
731 2293 762 2356 5.
784 2289 856 2376 IX,
877 2291 939 2379 54,
960 2293 1011 2354 11.
1033 2289 1116 2378 XX,
1136 2295 1168 2377 4,

69 2395 174 2456 4-5.
195 2391 321 2459 Postea
340 2391 457 2461 Boeoti
485 2411 558 2461 cum
578 2393 708 2462 Aetolis
739 2395 773 2458 et
794 2389 1039 2459 Macedonibus
1060 2395 1171 2464 socie·

69 2495 140 2558 roto
160 2491 330 2559 coniuncti
349 2500 453 2560 erant.
471 2489 680 2588 (4444144.
702 2489 795 2578 XX,
815 2490 872 2582 5.)

152 2591 378 2672 Enimuero
399 2593 608 2662 Achaeorum
622 2597 754 2661 ’444444
785 2592 924 2660 Aetolos
955 2590 1177 2681 expeditionis·
1272 2621 1275 2632 ¹

71 2707 263 2778 caussam,
274 2708 370 2778 quae*
383 2711 457 2760 mea
486 2694 614 2780 quidem
634 2693 800 2760 sententia
819 2694 942 2780 negari
962 2712 1029 2759 non
1050 2699 1171 2780 potest,

70 2789 223 2860 idoneam
243 2791 356 2860 Lucas
377 2793 609 2863 animadvertit
628 2794 751 2860 nullam
777 2789 837 2885 (1.
842 2810 871 2858 4.
891 2813 923 2879 p.
943 2785 1035 2882 84),
1062 2807 1171 2876 neque

71 2891 343 2960 obtrectationem
369 2895 538 2994 utriusque
567 2895 681 2984 gentis
713 2887 941 2987 agnoscito
974 2907 1002 2957 4.
1031 2911 1062 2978 p.
1083 2885 1172 2981 44),
1191 2979 1193 2986 Ι

71 2991 207 3116 scilicet
219 2981 257 3058 u't
277 2994 386 3081 capiat
406 2987 487 3060 inde
504 2994 633 3083 Polyhii
653 2989 862 3082 vituperandi
882 2993 1100 3060 occasionem.

155 3276 326 3353 cunrat,
347 3154 733 3362 Mwadoaanirxa'dio
747 3280 861 3362 prrlso,
880 3279 1083 3342 Achaeorum

390 3379 598 3464 trepuditare
618 3377 841 3442 normam

149 3489 212 3557 no
242 3493 419 3558 4444444
445 3511 494 3558 a
488 3489 692 3560 04444441
722 3507 744 3556 a
771 3488 986 3578 scriptoribus
1013 3483 1174 3574 proditum

76 3597 149 3678 est,
167 3593 245 3657 sine
267 3591 361 3660 dublo
383 3595 459 3679 qnia
477 3592 560 3660 nihii
580 3591 645 3660 hoc
665 3608 752 3656 anno
773 3595 906 3678 gestum
927 3593 999 3676 est,
1025 3585 1110 3676 quod
1131 3585 1175 3653 ad

75 3694 310 3759 hemmentorp
329 3691 474 3760 laederis
494 3691 634 3758 maxime
655 3691 855 3779 pertinuerit.
1000 3721 1003 3726 ·

157 3791 284 3862 Aratus
291 3789 575 3878 eormthirrcem,
596 3792 670 3858 sive
690 3786 967 3857 Acrocorinthum
985 3783 1049 3880 (44.
1057 3783 1174 3854 strab.

74 3893 180 3979 vill,
210 3895 241 3956 5.
261 3913 293 3980 p.
313 3893 385 3958 441.
427 3891 531 3958 Paus-
547 3892 599 3977 II,
627 3892 670 3977 4,
695 3892 727 3956 i.
768 3889 842 3956 Liu.
865 3885 980 3976 xhv,
999 3887 1052 3952 44
1087 3887 1173 3953 Ρ144.

76 3994 173 4060 hrot.
192 3995 296 4058 4.-14
326 3989 413 4062 siat.
434 3987 593 4057 Thebaid.
613 3987 697 4076 vn,
718 3991 789 4054 144
809 3988 975 4058 Mannert.
996 3985 1059 4052 l..c
1080 3985 1176 4074 vm,

78 4113 108 4180 p.
128 4086 247 4184 8584),
267 4093 444 4160 excelsum
473 4093 638 4173 montem,
673 4107 769 4174 quem
797 4090 850 4174 qui
879 4083 1047 4155 obsederit
1072 4091 1176 4153 totam

80 4193 252 4284 regionem
279 4194 367 4261 intra
393 4191 572 4274 Isthmum,
608 4203 693 4272 qnae
720 4189 786 4254 sita
813 4193 887 4274 est,
916 4185 1117 4254 commerciis
1143 4189 1178 4252 et

81 4296 223 4362 transitu
242 4299 334 4362 leura
353 4294 499 4379 marique
520 4284 740 4357 intercludere
771 4288 875 4374 possit
895 4283 1035 4371 indeque
1056 4303 1078 4351 a
1097 4284 1178 4354 Phi·
