2864 4960
640 279 753 368 .-„
790 315 876 396 94-
914 354 963 370 .-
1426 429 1427 442 Ν

269 533 336 583 non
357 513 461 582 solnm
481 527 521 582 se
535 507 718 580 'cauturos
737 509 879 600 professi
908 513 994 602 sint,
1021 507 1083 580 scd
1110 511 1186 601 quid
1214 531 1254 582 ra
1280 532 1368 582 vera
1417 543 1420 550 ·

268 611 495 704 praestiterint
523 617 558 680 et
588 611 800 680 absolverint
848 607 968 680 sermo
988 613 1089 701 igtur
1109 614 1174 682 ent
1189 613 1367 680 ostentus

268 713 312 782 de
331 702 483 800 Polybio,
503 709 681 782 Plutarcho
701 715 737 779 et
759 711 873 801 himo,
899 730 943 779 ne
963 712 1124 802 lectores,
1151 715 1182 780 si
1199 715 1369 781 transcri-

267 819 343 904 ptas
368 811 586 882 tantummodo
616 829 660 880 cx
679 810 743 879 hoc
763 812 820 880 vel
839 811 904 879 'alio
926 813 1070 880 auctoris
1090 812 1174 882 libro
1194 815 1368 881 narratio-

267 932 330 980 nes
356 919 490 982 nostros
520 910 813 1000 deprehenderint,
844 912 989 980 incertos
1018 910 1215 981 dimittamus
1235 915 1294 981 vel
1315 916 1368 980 si·
1426 909 1427 974 ξ

266 1013 367 1082 lentio
387 1014 536 1080 fallamus
565 1017 664 1100 atque
693 1011 776 1080 adeo
801 1013 837 1079 in
864 1029 1010 1080 errorem
1038 1011 1245 1105 inducamus,
1277 1013 1368 1100 qnod

260 1112 372 1202 ipsum
390 1113 606 1201 Helvingius,
634 1113 688 1180 vir
708 1117 854 1180 ceterum
873 1113 1000 1201 ingenii
1018 1110 1190 1180 admodum
1214 1117 1369 1182 versati·
1426 1111 1427 1200 l

267 1213 309 1280 lis
329 1218 365 1280 et
384 1218 537 1280 narrator
558 1205 782 1302 exercitatus,
798 1218 834 1281 ut
854 1213 1015 1302 evitaret,
1042 1229 1175 1301 operam
1194 1213 1267 1281 iere
1284 1213 1367 1286 unl-
1426 1203 1427 1284 l

267 1311 333 1384 lom
352 1309 485 1380 dedisse
505 1316 715 1401 coarguetur.
1053 1366 1058 1378 .
1231 1369 1235 1379 .

676 1565 677 1568 ψ
763 1475 923 1576 as.

425 1658 465 1679 ,,
734 1603 894 1686 coeptam.
985 1585 987 1594 ’
1426 1605 1427 1636 ¹

348 1715 504 1805 Polybius
522 1715 707 1804 Lycortas,
727 1719 891 1805 praetoris
904 1717 1115 1784 Achaeorum
1134 1720 1211 1804 post
1223 1715 1367 1784 Aratum

266 1818 302 1883 et
320 1813 605 1904 Philopoemenem
624 1815 826 1904 nobilissimi,
846 1817 942 1908 filius,
962 1817 1272 1906 Megalopolitanus,
1294 1817 1368 1883 Ar·

5 1937 7 1946 ’
149 1949 153 1960 ·
267 1931 342 2004 cas,
362 1921 461 1984 natus
482 1921 536 1984 est
556 1918 643 1984 inter
664 1934 785 1984 aunum
804 1918 868 1982 264
888 1923 922 1984 et
943 1918 1005 1981 166
1024 1914 1089 2011 (A
1102 1916 1270 1984 tiosos
1289 1919 1427 2005 55⁶„

183 2109 185 2111 -
266 2010 318 2082 01.
346 2018 408 2081 144
434 2017 491 2085 vel
518 2017 608 2085 initio
641 2011 692 2083 01.
721 2011 822 2109 146),
850 2019 1037 2084 accuratius
1059 2017 1145 2084 enim
1165 2036 1272 2084 annus
1294 2019 1367 2085 eius
1414 2073 1418 2081 .

266 2117 387 2186 natalis
408 2113 536 2184 deliniri
554 2137 622 2185 non
642 2122 761 2206 potest
802 2119 938 2186 Iuvenis
952 2117 1236 2206 Philopoemenem
1249 2125 1367 2186 secta-

266 2216 363 2284 batur
383 2219 520 2305 eiusque
540 2216 713 2306 disciplina
732 2217 943 2286 formabatur.
984 2219 1025 2284 In
1056 2219 1223 2306 exsequiis
1249 2218 1366 2286 Philo-

264 2318 435 2406 poemenis
455 2316 601 2385 defuncti
621 2335 737 2384 urnam
758 2319 918 2405 portavit,
940 2319 1003 2382 182
1023 2336 1054 2384 a.
1076 2315 1155 2387 Chr.

348 2412 452 2496 Quum
471 2419 575 2484 minor
595 2414 704 2484 adhue
723 2422 816 2484 esset
837 2423 948 2486 aetate
960 2417 1110 2508 legitima
1123 2417 1166 2485 ad
1180 2435 1365 2507 capessen-

266 2513 341 2582 dam
365 2518 597 2605 rempublicam
624 2515 761 2584 decreta
791 2522 844 2585 est
870 2519 902 2586 ei
932 2536 1005 2585 cnm
1033 2525 1131 2608 patre
1159 2519 1287 2607 legatio
1320 2517 1364 2586 ad

265 2616 486 2684 Ptolemaeum
499 2617 716 2706 Epiphaniam,
737 2617 887 2706 Aegypti
906 2637 1033 2708 regem,
1054 2621 1116 2684 186
1136 2637 1167 2685 a.
1182 2617 1261 2687 Chr.
1304 2619 1366 2686 ln-

266 2816 331 2886 hae
351 2824 579 2909 recensentur.

348 2917 444 2986 Bello
463 2918 600 2986 Persico
623 2935 697 2986 cum
715 2923 812 3007 patre
831 2917 981 3005 Lycorta
1000 2919 1089 2987 metu
1109 2919 1277 3008 potentiae
1291 2920 1363 2988 Ro-

265 3032 433 3086 manornm
453 3019 590 3106 primum
611 3025 787 3090 censuerat
807 3036 915 3104 neque
934 3019 1093 3086 Perseum
1112 3037 1220 3106 neque
1237 3021 1364 3090 Roma

265 3135 328 3184 nos
360 3117 402 3184 ab
427 3119 575 3186 Achaeis
602 3117 773 3188 iuvandos.
823 3119 1018 3188 Praefectus
1039 3119 1158 3188 deinde
1177 3123 1364 3189 nominatos

206 3237 227 3291 ‚¹
266 3221 320 3284 est
340 3219 481 3304 equitum
500 3220 728 3308 Achaeorum,
750 3221 805 3306 qni
825 3221 945 3288 anxilio
966 3218 1217 3290 destinabantur
1235 3221 1362 3288 Roma-

110 3303 155 3338 *
264 3317 332 3404 nis,
361 3321 473 3385 Itis-a.
495 3317 572 3388 Chr.
613 3319 806 3408 Eodemque
826 3339 913 3388 anno
934 3321 1301 3410 legatus-Achaeorum
1323 3318 1363 3386 ad

265 2721 318 2796 ter
338 2735 395 2784 res
416 2719 486 2788 eius
506 2717 593 2786 domi
612 2723 752 2807 gestas,
780 2719 969 2806 priusquam
987 2719 1126 2786 Romam
1155 2724 1366 2807 evocaretur,

266 3411 479 3504 Q.lb1arcium
500 3420 683 3507 consulem,
706 3421 825 3489 bellum
846 3438 918 3488 cum
930 3421 1056 3488 Perseo
1076 3427 1262 3512 gerentem,
1283 3421 1363 3486 mita

265 3536 324 3583 sus
346 3523 408 3586 est
449 3521 641 3607 Insequenti
660 3519 780 3588 deinde
800 3539 888 3588 anno
907 3520 1078 3608 Polybium
1098 3523 1241 3608 equiturn
1259 3537 1361 3609 prae-

264 3615 385 3696 sectum
404 3621 608 3687 auxiliarium
628 3620 670 3687 ab
684 3622 832 3688 Achaeis
852 3621 1016 3710 petierunt
1028 3621 1208 3691 Ptolomaei
1226 3620 1362 3708 iratres,

265 3716 415 3812 Aegypti
435 3737 558 3808 reges,
579 3723 642 3786 168
663 3738 692 3786 a
715 3720 794 3792 Chr.
1342 3737 1344 3744 ’

183 3865 186 3870 .
347 3817 419 3882 Iam
439 3820 587 3904 sequntur
606 3821 698 3888 vitae
718 3826 846 3907 tempus
864 3819 989 3888 Romae
1003 3817 1201 3912 actnmjnde
1216 3818 1258 3886 ab
1273 3836 1361 3886 anno

266 3917 329 3980 166
342 3933 372 3980 a.
388 3913 477 3984 chr,
488 3915 570 3985 Cum
582 3919 671 3986 mille
685 3939 729 3987 ex
742 3920 949 3989 nobilissimis
964 3923 1110 3989 Achaeis
1131 3917 1359 3988 ah'Calliora-

264 4019 301 4082 te
321 4018 506 4105 accusatis,
526 4020 621 4104 quasi
636 4018 723 4088 bello
737 4020 874 4090 Persico
888 4040 1003 4112 parum
1016 4021 1175 4090 Romanis
1188 4020 1358 4104 lavissent,

264 4113 402 4182 Romam
431 4123 591 4192 evocatus
621 4124 675 4187 est
688 4120 867 4208 Polybius,
897 4122 953 4189 ubi
979 4123 1100 4190 ceteris
1128 4119 1279 4188 exulibus
1298 4123 1358 4208 pe'r

265 4215 382 4286 ltaliae
403 4217 521 4308 oppida
541 4217 657 4290 divisis
677 4221 750 4308 ipse
770 4226 891 4310 rogatu
912 4221 1006 4290 Fabii
1026 4226 1061 4290 et
1082 4217 1266 4306 Scipionis,
1279 4219 1358 4286 Ae·
