2902 4956
506 379 791 455 ...ς-...ψ

100 570 292 658 scriptam
319 567 467 657 mum
493 567 738 640 ilelieniearuns
766 570 935 642 muorisn
959 567 1004 640 sd
1030 569 1181 660 liuidum

100 670 267 756 mopere
285 664 544 759 perducendam,
565 686 661 757 quom
681 671 766 738 slter
785 671 881 748 uteri
900 672 978 740 lieet
996 689 1065 742 non
1084 673 1182 761 plano

99 839 341 858 ψ

195 933 248 988 deo
265 935 369 989 Nomen
385 933 498 990 Achiles.
527 936 685 993 honoratius
702 953 766 993 vero
783 937 897 991 studium
914 937 943 990 iss
960 935 1003 991 his
1019 936 1110 1008 posuit
1125 935 1182 991 Sie-

194 1020 321 1086 helisins,
340 1021 416 1077 cuius
432 1023 482 1078 viri
500 1023 692 1096 disquisitionis
709 1021 756 1078 hic
772 1023 881 1095 potiora
898 1024 1067 1094 interponam
1084 1021 1181 1094 capita.

195 1107 274 1162 llune
289 1107 396 1172 locum,
413 1107 513 1181 inquit,
533 1109 588 1163 duo
606 1111 655 1164 siri
672 1119 701 1164 et
718 1108 843 1163 addendo
860 1115 888 1162 el
905 1107 1068 1174 detrehepdo
1085 1107 1181 1179 depra-

193 1201 284 1248 soson
301 1203 427 1266 putantes
444 1195 630 1264 corrigendum
647 1203 832 1268 susceperunt:
852 1193 1039 1264 Goldhsgessio
1051 1194 1122 1248 enim
1133 1190 1183 1266 οὔχ

194 1288 257 1334 ante
271 1277 367 1353 imum
383 1282 525 1336 delendum
542 1282 700 1347 videbatur,
727 1289 758 1336 ut
775 1299 867 1336 sensus
884 1287 969 1336 esset:
1005 1281 1073 1334 Dass
1091 1281 1129 1334 sie
1148 1299 1183 1336 su

192 1366 276 1432 assos
292 1366 371 1422 nicht
385 1369 464 1438 lange
481 1367 632 1436 gehliebem
650 1370 687 1424 ist
697 1367 769 1423 auch
784 1365 869 1422 demit
885 1365 1046 1436 angsdeutet
1062 1365 1182 1431 worden,

194 1449 252 1504 dass
269 1452 426 1506 Archander
443 1453 535 1508 seinen
552 1453 626 1509 Sohn
643 1455 805 1510 hletansstes
829 1454 895 1526 (den
913 1451 1108 1508 Vestriehenen
1125 1447 1183 1504 und

194 1535 476 1608 Flischllinghannie.
502 1540 561 1596 Hoc
573 1541 847 1614 apertissimepugnat
856 1557 916 1594 cum
923 1539 1070 1592 Psussniae
1080 1545 1187 1619 sterilen-¹

194 1623 240 1689 tis,
260 1625 308 1696 qui
321 1624 450 1680 continno
462 1627 499 1680 ita
511 1629 610 1700 pergit:
628 1633 790 1700 molnes
800 1631 828 1686 dl
837 1623 991 1703 ἔντε’-ἄρνα
1000 1627 1184 1684 salutassent-

193 1733 253 1782 μοι
267 1710 319 1768 sris
330 1706 437 1784 Ἀχαιοῦ
453 1717 563 1772 naides·
581 1729 644 1782 ergo
662 1721 818 1768 merserunt
834 1712 881 1766 ihi.
907 1711 958 1765 llic
970 1711 1058 1782 posuit
1069 1709 1184 1781 scriptos

192 1795 274 1863 Arpos
290 1805 320 1851 et
335 1798 578 1865 Lacedaemonem,
607 1807 688 1854 antea
705 1799 890 1855 tsnmmmodo
907 1799 1005 1865 Argos,
1025 1797 1071 1850 scd
1087 1793 1184 1852 lusisse

193 1881 317 1947 ambitu,
336 1882 387 1954 qni
400 1885 628 1940 Lacedaemonem
646 1885 892 1958 comprehenderet
929 1883 1001 1938 dites
1017 1881 1124 1936 illorum
1142 1883 1184 1936 si·

193 1983 283 2020 sorum
295 1971 464 2040 estCoseyus
476 1971 517 2038 (in
535 1989 591 2043 qno
609 1981 638 2026 et
654 1973 819 2042 Bernhardyi
837 1970 948 2026 nomine
965 1969 1107 2048 pueriliter¹
1119 1978 1184 2024 sane

193 2051 257 2108 lusit
271 2055 404 2111 hubertus
422 2055 580 2129 Gomphos,
607 2057 893 2129 Parthenopolitanus‚
917 2056 948 2110 in
966 2057 1185 2124 Sicyoniacorum

194 2139 342 2208 specimine
357 2142 445 2214 primo
463 2147 525 2214 p-7·
540 2142 601 2195 Nol.
621 2141 690 2213 12),
710 2159 789 2214 quens
807 2153 899 2195 tamen
916 2141 997 2196 simili
1014 2140 1095 2193 modo
1113 2141 1185 2193 refu·

192 2224 262 2278 urit
275 2214 437 2282 Sielselisiiss
466 2227 648 2283 Thessalicam
665 2245 730 2284 vcro
749 2227 888 2294 Achaiam,
908 2245 989 2301 qnam
1006 2225 1130 2298 equidem
1148 2225 1186 2280 sic

192 2317 318 2364 vocatam
339 2312 492 2384 putaverim
516 2332 573 2368 non
596 2333 619 2368 a·
635 2316 733 2370 reduce
754 2315 783 2369 in
802 2317 914 2388 pstsiasn
932 2313 1060 2376 Achaeo,
1086 2311 1132 2366 sed
1149 2310 1185 2364 ab

193 2397 250 2450 eius
267 2397 346 2464 hilis,
369 2399 412 2454 sel
429 2417 445 2453 e
462 2401 549 2469 gentis
566 2401 701 2456 Achaicae
723 2401 814 2473 potius
838 2401 940 2456 colonis
963 2399 1055 2456 seriori
1077 2398 1185 2452 demum

193 2487 315 2556 tempore
331 2501 348 2539 e
365 2486 552 2558 Peloponneso
569 2487 634 2541 illue
651 2488 792 2554 traductis,
809 2488 923 2540 innuere
939 2486 1046 2541 ridetur
1056 2487 1186 2544 Henetus

194 2569 225 2622 ll
244 2571 289 2635 11,
307 2571 351 2628 6⁵.
374 2571 430 2638 111,
450 2574 493 2632 79.
518 2572 570 2628 Od.
588 2573 666 2639 XXI,
687 2579 744 2630 tm.
768 2571 835 2646 (qni
852 2581 943 2626 tamen
961 2581 1093 2628 exiremus
1110 2571 1186 2628 locut

193 2651 373 2710 demonstrare
404 2659 504 2731 possit,
537 2661 582 2716 cel
592 2712 598 2724 ,
608 2661 639 2714 in
663 2659 850 2732 Peisponneso
876 2657 986 2713 Homeri
1013 2657 1085 2712 hanc
1109 2666 1187 2730 potus

188 2735 307 2814 Ἀχωλδα
317 2743 408 2809 inisse,
420 2745 501 2799 modo
519 2763 623 2801 sessum
641 2755 796 2818 sequentem
815 2762 864 2815 per
880 2743 1038 2816 epexegesin
1051 2741 1186 2796 adiectum

192 2841 248 2880 csse
265 2826 374 2896 credas)
391 2835 420 2883 et
436 2831 589 2886 Herodotus
606 2832 915 2901 (vll‚132.137.197.),
935 2829 982 2904 qui
999 2845 1058 2884 eam
1069 2827 1185 2882 Thessa·

192 2909 244 2966 liae
254 2921 375 2984 pecten,
395 2933 466 2989 quse
479 2918 656 2972 enmellellss
668 2918 777 2988 propria
789 2915 946 2982 vocabatur,
966 2913 1095 2970 Achaiam
1110 2911 1185 2966 dieis.

259 2997 388 3055 Ernestus
404 3002 576 3072 Helcingius,
603 3003 651 3074 qui
671 3005 802 3074 opusculo
826 3003 1010 3074 monogsapho
1034 3002 1185 3056 universam

193 3081 362 3138 Achaeorum
379 3085 518 3142 historiam
535 3088 689 3160 complexus
706 3097 746 3143 est
764 3087 941 3156 (Gesclrichte
958 3089 1005 3142 des
1016 3085 1187 3142 Achaiachen

194 3169 299 3224 hundos
315 3172 388 3226 nach
404 3174 457 3227 dan
475 3175 593 3244 Qnellen
611 3174 781 3243 dirigentem,
801 3176 916 3250 hemgo,
934 3172 1101 3244 Meyer’sehe
1118 3172 1187 3226 lloi-

192 3253 606 3329 buehhandlong,1829.),sed,
625 3279 708 3334 quum
726 3261 756 3314 in
773 3261 939 3332 praefatione
956 3261 1040 3312 multa
1059 3258 1186 3312 derebus
1289 3309 1295 3316 ,

193 3339 254 3395 aliis
276 3343 423 3399 innumeris
447 3343 582 3401 fabulatus
604 3355 687 3413 esset,
711 3347 850 3400 historiam
872 3348 956 3419 ipsam
980 3345 1019 3398 ita
1035 3344 1184 3416 descripsit,

192 3427 270 3500 qussi
287 3429 378 3483 omnia
395 3431 462 3496 iam,
483 3447 552 3504 qnae
570 3432 640 3503 apud
658 3431 785 3504 antiquos
803 3440 924 3488 auctores
942 3431 1118 3508 reperientur,
1137 3429 1186 3482 ah·

194 3515 281 3567 soluts
304 3524 392 3570 essent
415 3525 497 3591 atque
520 3524 595 3572 atra
612 3519 809 3572 dubitationem
828 3519 930 3592 posita,
958 3519 1077 3590 criticam
1094 3515 1185 3582 igiter,

194 3615 275 3671 φιιι
297 3617 439 3670 sommus,
465 3604 523 3660 lere
546 3621 654 3658 omnem
678 3612 833 3676 aspernatus
855 3605 944 3678 (quod
963 3603 1051 3675 ipsum
1073 3603 1187 3656 demna·

192 3693 276 3740 orare
293 3695 406 3742 conatus
423 3707 482 3744 sum
504 3706 616 3746 censura
633 3689 714 3744 huius
730 3689 794 3744 lihsi
811 3693 884 3762 apud
905 3691 1031 3746 lshnium
1049 3687 1078 3754 in
1096 3685 1187 3760 Ephe·

193 3772 287 3826 nesid.
305 3774 399 3844 suppl.
415 3775 447 3828 Τ.
465 3777 488 3831 1.
505 3777 581 3832 Fasc.
599 3778 625 3834 4.
642 3797 669 3850 p·
687 3779 791 3834 ⁵13·-
806 3777 881 3850 set.)
908 3785 936 3838 et
951 3778 997 3834 hic
1014 3773 1185 3835 remuriam,

195 3854 251 3911 illic
267 3875 359 3912 sursus
376 3859 516 3929 Polybium
533 3864 578 3918 sel
594 3862 675 3916 alium
694 3871 800 3940 seculus
817 3873 870 3940 est,
898 3865 999 3936 priseos
1015 3864 1075 3916 illas
1092 3877 1185 3915 nassa·
1252 3921 1255 3930 .

194 3943 281 3996 tiones
299 3944 464 3999 diversorum
482 3957 624 4003 suetorum
642 3948 712 4002 nihil
729 3956 856 4014 moratus,
876 3949 962 4004 crusii
980 3951 1030 4020 (ct,
1048 3950 1077 4001 ni
1095 3947 1183 4010 fallor,

193 4026 332 4086 Mansonis
358 4047 469 4102 qnoque
490 4032 521 4086 iu
543 4019 639 4105 Sparta
661 4037 682 4088 1.
705 4054 733 4107 p.
754 4037 794 4090 13.
820 4035 860 4092 14.
885 4036 946 4090 coli.
964 4036 1000 4088 ll.
1021 4054 1049 4106 p.
1066 4035 1109 4094 52.
1128 4043 1185 4104 non

192 4121 285 4168 tamen
302 4116 447 4185 nominati)
464 4120 652 4172 auctoritatem
670 4121 780 4174 omnino
798 4122 920 4192 sequitur
937 4119 1067 4191 adspersis
1084 4117 1127 4171 hic
1144 4115 1185 4168 ihi
1283 4167 1286 4172 .

192 4198 222 4252 ic
237 4201 338 4254 notsrlis
354 4209 474 4258 veterum
491 4202 650 4274 scriptorum
667 4206 745 4269 locis,
764 4223 833 4278 quos
849 4205 983 4260 interdum
1000 4206 1039 4260 its
1056 4205 1186 4273 interpre-

192 4291 263 4340 usus
278 4295 333 4353 est,v
349 4294 380 4344 ut
395 4287 560 4372 aptissimum
578 4281 1029 4363 accommodatissinunqusvisom
1040 4287 1092 4362 ipsi
1105 4286 1185 4342 luerit
