2842 4950
645 251 851 381 «soto
899 349 950 367 .-

270 495 420 566 hortctm
451 499 558 584 esset,
594 496 716 584 prinis
751 497 920 566 condictus
949 515 1010 588 per
1040 499 1136 568 solos
1166 498 1342 568 'lmenttnos
1393 503 1394 512 ‘

270 595 408 664 viriliter
428 614 498 662 rem
518 601 679 682 gerentes
700 603 753 663 est
767 599 967 676 conmissus
987 593 1083 664 ¹'Sed
1097 613 1196 683 qurum
1207 599 1341 686 paulatin

270 693 416 784 expediti
445 693 669 762 laborantibus
696 714 737 764 se
772 693 992 785 adiungerent
1023 695 1222 766 brevissimo
1249 699 1342 764 evenit
1393 707 1394 716 ’

270 801 418 883 tenpore
443 799 479 859 ut
506 812 620 862 omnes
648 796 817 880 utriusque
847 797 952 884 partis
983 795 1185 864 mercenarii
1208 795 1241 861 in
1249 807 1342 860 mnan
1393 797 1394 870 ξ

269 895 509 981 miscerentur,
551 894 673 961 ceteris
712 893 813 980 copiis
859 893 1034 964 etiamnum
1077 896 1340 982 exspectantibus,

271 1011 443 1086 quamnam
468 993 504 1060 in
530 999 658 1080 partem
685 1011 724 1059 se
751 991 859 1081 pulvis
889 995 1053 1062 excitatus
1079 1011 1241 1062 versuros
1260 999 1341 1059 esset

269 1090 325 1158 Ad
346 1099 527 1160 extremum
546 1097 656 1158 tamen
676 1090 933 1178 praevaluerunt
957 1093 1011 1178 qui
1031 1112 1093 1181 pro
1115 1084 1256 1180 tyramo
1274 1093 1341 1157 nili·
1393 1135 1394 1160 t

269 1192 386 1260 tabant
414 1188 616 1278 stipendiarii
644 1199 678 1256 et
705 1207 841 1258 numero
868 1196 903 1258 et
935 1188 1138 1260 dexteritate
1169 1209 1259 1258 arma
1285 1197 1340 1258 tra-
1393 1223 1394 1282 p

270 1291 382 1361 ctandi
401 1299 537 1382 propter
551 1289 799 1358 adsuetudincm
812 1291 1085 1380 praestantiores.
1108 1291 1228 1378 Neque
1242 1292 1340 1360 obsco·
1393 1287 1394 1342 3

269 1411 342 1462 ram
362 1410 440 1461 esse
460 1393 637 1476 rationem,
659 1405 718 1454 cur
737 1407 805 1456 non
824 1394 903 1455 tnnc
923 1389 1027 1462 solum
1047 1392 1096 1457 ita
1113 1393 1277 1478 evenerit,
1293 1371 1339 1456 sed

270 1499 318 1564 ita
336 1512 476 1586 ‚semper
502 1491 575 1557 lieri
605 1489 730 1576 soleat,
757 1488 911 1575 Polybius
931 1495 1049 1556 auctor
1077 1497 1143 1558 cst.
1186 1491 1340 1578 'Pyramo-
1393 1543 1394 1560 ,

271 1595 450 1660 nonenim
479 1590 643 1659 securitas
668 1591 703 1656 in
733 1589 905 1676 peregrini
932 1589 1042 1658 militis
1069 1591 1340 1660 benevolentiae

269 1693 395 1762 viribus
415 1693 525 1780 posita
544 1695 607 1758 cst.
647 1689 773 1757 Horum
792 1689 894 1778 igitur
914 1691 1067 1780 impetum
1088 1711 1187 1778 quarn
1205 1688 1341 1776 nelllpri

270 1789 399 1880 quidem
420 1797 454 1858 et
474 1791 620 1879 loricati,
649 1794 704 1880 qui
730 1789 960 1880 stipendiarios
988 1793 1242 1860 Achaeorum-o
1260 1795 1338 1876 tergo

270 1891 527 1979 sustentabant,
568 1891 657 1960 ferre
690 1898 852 1980 possent,
894 1895 1000 1960 emsa
1033 1892 1119 1980 tuga
1152 1891 1340 1973 Mantineam,

129 2023 135 2048 ι
271 1995 398 2077 septem
418 1989 494 2058 iride
515 1989 623 2058 stadia
644 1989 840 2078 distantem,
861 1993 1035 2080 petierunt.
1082 1985 1337 2072 Quosblachani-

270 2088 333 2156 das
363 2108 445 2178 prae
472 2093 661 2180 impotentia
689 2095 787 2160 animi
814 2099 849 2160 et
875 2092 995 2162 ardore
1023 2091 1162 2160 iuvenili
1182 2106 1251 2154 cum
1268 2102 1339 2151 ner-

270 2193 414 2258 cenarils
434 2192 505 2258 suis
525 2209 593 2258 una
613 2195 734 2258 effilsus
754 2211 912 2280 premere-
926 2194 1060 2279 institit,
1083 2191 1179 2278 quasi
1198 2206 1273 2256 vero
1287 2202 1338 2250 non
1393 2243 1394 2250 ,

270 2292 437 2358 sufficeret
471 2293 543 2380 ipse
574 2297 680 2358 metus
706 2289 750 2357 ad
775 2297 854 2380 eos,
888 2294 945 2378 qui
974 2292 1078 2358 semel
1102 2293 1137 2356 in
1157 2287 1257 2378 pedes
1279 2300 1339 2350 sese

267 2392 494 2484 coniecerant,
508 2391 565 2458 vel
578 2409 681 2477 usque
696 2389 739 2456 ad
752 2393 844 2479 ipsas
858 2391 965 2480 oppidi
979 2399 1096 2480 portas
1112 2381 1337 2476 compellendos
1393 2399 1394 2450 l

352 2489 535 2577 Imperator
567 2510 648 2558 vero
679 2492 903 2581 Achaeorum,
934 2492 989 2558 ubi
1017 2492 1199 2581 violentiae
1222 2485 1340 2557 hostium.

271 2587 391 2656 cedere
412 2607 491 2656 suos
513 2587 610 2678 vidit,
631 2608 836 2678 nequaquam
856 2609 981 2680 pavore
1001 2595 1236 2658 consternatus
1247 2585 1338 2670 sugam
1393 2603 1394 2654 l

270 2689 407 2776 arripuit
429 2707 540 2776 neque
566 2693 704 2758 animum
730 2691 942 2784 despondens
970 2709 1082 2758 curam
1105 2709 1213 2758 rerum
1231 2681 1337 2792 abiecit,

188 2851 192 2858 Α
219 2813 223 2824 f
270 2785 332 2854 sed
351 2788 529 2878 phalangis
551 2809 632 2860 suae
652 2811 692 2860 se
713 2796 827 2860 cornui
845 2795 1016 2884 applicans
1029 2783 1337 2879 posteaquamlhostrs

269 2887 437 2978 fugientes
457 2908 661 2977 persequens
683 2896 776 2957 esset
795 2892 1043 2980 praeterlapsos
1064 2897 1101 2956 et
1120 2890 1212 2956 locus
1225 2894 1337 2974 pugnae
1393 2885 1394 2962 l

269 3003 397 3052 vacuus
416 2987 552 3053 relictus
583 2987 754 3074 confestim
781 3007 852 3056 curn
881 2989 993 3076 primis
1014 2989 1275 3077 phalangitarum
1292 2994 1336 3044 to·
1393 2991 1394 3024 l

270 3084 419 3151 hortibus
434 3103 640 3174 progressus
661 3091 723 3152 est
764 3087 875 3174 Atque
896 3090 945 3154 sic
965 3089 1115 3156 relictum
1137 3105 1161 3152 a
1173 3084 1239 3151 suis
1251 3082 1335 3146 loom

269 3201 411 3270 propere
431 3201 597 3272 occupans
618 3179 732 3250 eadem
755 3203 857 3271 opera
877 3191 911 3252 et
923 3194 1176 3273 persequentem
1187 3186 1335 3253 mercem·
1393 3179 1394 3250 l

140 3319 142 3325 ·
270 3283 338 3350 rios
369 3283 498 3350 hostem
527 3285 569 3352 ab
598 3297 659 3352 suo
694 3287 842 3353 exercitu
873 3285 1023 3354 disclusit
1053 3294 1088 3354 et
1119 3287 1204 3354 ultra
1230 3273 1334 3348 hostilis

270 3387 355 3452 aciei
376 3403 479 3452 cornu
499 3387 611 3473 copias
633 3404 712 3454 suas
732 3386 894 3476 produxit.
937 3387 1019 3454 Tum
1039 3383 1245 3475 phalangitis·
1254 3389 1334 3482 prbe·
1393 3409 1394 3480 q

271 3487 373 3574 cepit,
415 3490 451 3552 ut
473 3490 608 3556 ,starent
636 3487 707 3576 ihi,
736 3485 842 3554 donec
870 3486 1091 3574 signumeis·
1111 3486 1206 3554 daret
1228 3479 1334 3556 hostem
1393 3489 1394 3566 ζ

271 3583 466 3650 coniunctim
486 3581 671 3672 invadendi.
712 3583 848 3672 Polybio
875 3603 957 3652 vero
978 3577 1334 3677 Megalopolitaeinpa·
1393 3581 1394 3588 ’

235 3749 241 3759 ,
270 3683 377 3768 ravit,
397 3689 434 3750 ut
453 3683 585 3770 Illyrios
597 3683 819 3768 loricatosque
834 3688 868 3750 et
880 3687 1123 3774 mercenarios,
1136 3683 1229 3770 'quie
1300 3683 1333 3734 ¹1⁸
1393 3679 1394 3692 ¹

271 3786 486 3867 superessent
507 3787 541 3848 et
562 3800 582 3848 e
602 3781 685 3872 huga
704 3779 950 3874 declinassent,
977 3788 1096 3873 raptim
1123 3777 1286 3870 colligeret
1301 3780 1333 3830 tv

209 3945 213 3954 ,
246 3900 249 3909 ·
270 3899 357 3968 pone
376 3880 554 3969 phalangis
571 3879 678 3960 ,cornu
699 3898 902 3950 commorans
923 3885 1056 3971 manni
1079 3879 1213 3950 reditum
1232 3890 1252 3972 t
1269 3881 1332 3955 Ρθῐ·
1393 3955 1394 3958 ¹

153 4059 161 4082 x
262 3980 441 4046 secutione
459 3979 653 4068 fugientium
673 3979 880 4050 observaret.
1090 4002 1135 4043 ἰ
1393 3999 1394 4062 p

354 4075 606 4145 Lacedaemonii
626 4097 786 4148 successu
805 4083 908 4151 inflati
927 4058 1063 4173 propter
1082 4080 1245 4152 victoriam
1259 4055 1330 4136 fiis·

272 4179 476 4246 cenariorun
496 4197 629 4290 suorum
648 4198 716 4250 non
735 4187 930 4270 exspectata
949 4175 1043 4252 ducis
1056 4189 1186 4257 tessera
1197 4169 1329 4246 Avhtt⁰⁵
