2902 4956
664 391 838 464 ..100
911 423 1003 454 ..„

174 581 177 590 ’
266 586 317 652 28
339 587 390 650 29.
411 580 526 670 Polyb.
548 579 654 648 XXII
663 626 676 670 ,¹
694 582 754 670 28,
776 578 841 672 1.).
865 563 874 616 J
882 581 1040 648 Montium
1061 581 1146 647 enim
1167 581 1363 670 colliumque
1437 571 1438 578 '

265 688 346 775 iuga
368 682 626 750 extremitatibus
646 683 716 750 suis
737 686 772 748 et
791 683 865 770 pari
884 681 954 766 lere
974 681 1082 770 spatio
1103 681 1147 748 ab
1168 700 1249 749 orae
1269 701 1362 748 mar·

264 787 346 876 gine
365 781 491 850 distant
510 788 546 849 et
566 779 671 869 quod,
700 779 775 848 dum
795 781 905 848 redire
924 782 990 847 iam
1010 778 1053 847 ad
1074 783 1241 870 planitiem
1261 783 1364 872 inga-

264 905 328 972 que
357 881 529 951 demittere
542 877 744 970 uideantur,
775 881 882 949 subito
911 887 1098 970 exsurgunt
1125 881 1234 950 denno
1261 887 1365 968 atque
1437 901 1438 950 l

263 984 298 1050 in
319 984 441 1052 arduos
461 985 532 1050 sere
554 983 657 1049 clivos
678 981 893 1070 extolluntur,
916 1000 978 1068 quo
1000 981 1152 1069 allicitur,
1174 987 1211 1048 ut
1224 983 1366 1048 univer·
1437 1007 1438 1076 p

189 1111 191 1116 ¹
262 1102 336 1150 surn
366 1085 442 1151 litus
474 1079 710 1172 navigantibus
740 1083 968 1148 suavissimum
984 1137 985 1142 ,
999 1081 1127 1168 quidem
1158 1081 1365 1170 adspectum,
1437 1081 1438 1130 l

192 1255 198 1276 Ι,
261 1179 572 1273 periculosissimum
599 1201 685 1250 -vero
716 1188 887 1270 receptum
918 1183 1086 1270 praebeat.
1119 1176 1260 1270 (Gompi.
1286 1183 1309 1246 l.
1333 1199 1364 1246 c.
1437 1181 1438 1230 f

234 1305 292 1374 p.
314 1287 344 1350 2.
366 1283 452 1352 idem
472 1283 514 1351 de
535 1283 764 1372 promontoriis
792 1288 827 1350 et
843 1279 964 1350 'tarrae
991 1283 1115 1372 linguis
1145 1281 1366 1368 l‘ouq'uevillii
1437 1279 1438 1356 l

261 1390 460 1451 sententiam
481 1383 571 1450 dedit
590 1405 621 1472 p.
644 1387 688 1466 1.)
731 1379 858 1471 Oppida
879 1389 988 1450 autem
1007 1403 1106 1450 unum
1126 1383 1310 1454 alterumve
1332 1383 1364 1447 si

259 1487 433 1572 exceperis
454 1485 579 1572 exigua
600 1489 710 1570 erant,
731 1493 839 1569 neque
860 1485 902 1550 eo
920 1483 1014 1551 modo
1033 1485 1172 1568 munita,
1193 1488 1364 1549 utcontra
1437 1489 1438 1582 t

259 1583 401 1652 hostiurn
431 1586 571 1672 impetus
600 1582 718 1650 diutius
744 1580 874 1650 delendi
893 1585 1075 1674 potuerint3
1108 1601 1203 1670 quam
1225 1583 1361 1650 obrem

182 1726 188 1732 =
220 1699 222 1705 ⁴
258 1690 368 1772 patet,
400 1685 477 1752 binc
504 1683 651 1750 Achaeis
676 1683 819 1771 gloriam
838 1701 924 1751 sane
944 1685 1065 1750 nullam
1085 1686 1180 1750 nasci
1200 1684 1360 1771 potuisse,
1437 1717 1438 1804 p

258 1783 323 1850 nisi
340 1785 493 1872 exemplo
513 1803 575 1852 suo
596 1783 899 1871 demonstrassent,
920 1802 1013 1871 quam
1029 1783 1299 1873 inexpugnabilis
1315 1784 1361 1848 sit

257 1885 312 1950 vis
339 1901 380 1968 ac
409 1885 510 1951 robur
538 1877 742 1950 Gr'aecormn
771 1882 857 1950 be'ne
885 1889 1031 1950 moratas
1060 1884 1157 1972 leges
1187 1882 1359 1967 ducesque

257 1981 439 2072 prudentes
467 1989 577 2050 nacta.
607 1980 669 2072 (Ol.
699 1983 783 2050 Plut.
806 1984 902 2050 Arat.
924 2001 952 2050 c.
973 1987 1005 2049 tl.
1026 1985 1077 2049 24.
1098 1983 1213 2074 Polyb.
1234 1983 1284 2070 II,
1304 1985 1358 2048 87.

257 2086 315 2156 aa..
331 2085 446 2153 IustIn.
468 2080 638 2173 XXXIV,
660 2087 706 2168 1.)

646 2455 771 2527 caput
791 2456 963 2514 tertium.

256 2585 385 2652 Foedus
412 2589 612 2654 Achaeorum
636 2586 726 2673 prins
747 2599 781 2656 et
801 2579 935 2656 'altulum
955 2595 995 2656 ad
1017 2613 1089 2656 eum
1109 2615 1208 2678 usqne
1230 2617 1356 2677 annum,

502 2720 565 2782 quo
586 2701 703 2783 Sicyon
725 2695 1028 2776 Achaeorumlacta
1049 2709 1106 2768 est.

745 2879 780 2972 s.
807 2885 859 2949 rr.

458 3017 517 3079 Ar
535 3018 693 3106 europa,
714 3023 874 3106 Amyntae
885 3009 971 3105 flur,
992 3031 1140 3088 aetnam.

336 3171 390 3238 De
419 3174 519 3264 rebus
551 3175 678 3243 bellicis
706 3179 915 3258 Achaeorum
945 3195 1029 3264 quae
1049 3185 1228 3247 memoratu
1248 3179 1354 3270 digna

255 3272 323 3338 sint
343 3277 474 3342 narrari
494 3277 551 3342 vix
571 3282 718 3364 possunt
753 3277 841 3352 Belli
854 3277 981 3364 quidem
996 3279 1130 3347 Troiani
1145 3297 1230 3348 aevo
1243 3285 1353 3349 maxi-

71 3365 75 3393 '
214 3441 216 3446 ,
253 3380 339 3438 mam
360 3373 563 3444 Graecorum
584 3378 750 3444 exercitus
770 3385 899 3466 partem
918 3380 1020 3445 titisse
1044 3379 1222 3468 Achaeos,
1254 3393 1352 3468 quum
1437 3383 1438 3468 3

253 3470 363 3542 adhuc
383 3484 498 3546 essent
519 3497 629 3551 eorum
649 3480 684 3544 in
703 3483 869 3568 potestate
890 3477 1016 3568 Sparta
1036 3486 1070 3548 et
1090 3483 1224 3571 Argos,
1252 3489 1352 3550 vates
1437 3521 1438 3552 t

253 3573 489 3645 celeberrimus
517 3577 673 3667 prodidit,
713 3596 905 3668 quamquam
934 3587 1050 3648 nostra
1076 3583 1204 3650 exstitit
1238 3587 1352 3650 aetate

253 3674 306 3740 vir
332 3675 496 3766 eruditus,
527 3681 580 3764 qui
606 3677 758 3748 doctrina
778 3699 840 3748 sua
860 3683 946 3748 male
967 3683 1129 3749 collocata
1145 3680 1205 3748 ¹vel
1225 3681 1350 3748 abusus
1437 3673 1438 3756 l

253 3770 482 3844 demonstrare
503 3785 642 3846 conatus
663 3791 731 3868 est,
753 3782 873 3849 bellum
894 3783 1070 3875 Troianum
1090 3800 1254 3868 nunqnam
1283 3801 1349 3871 ge-
1437 3761 1438 3844 ἶ

254 3877 341 3940 stum
369 3895 546 3964 omnesque
566 3878 609 3946 de
631 3897 671 3948 eo
692 3885 900 3952 narrationes
921 3900 943 3948 a
961 3884 1070 3971 poetis
1090 3873 1348 3960 confictast'an·
1437 3941 1438 3948 ,

253 3975 457 4062 tumorque
479 3974 532 4042 de
563 3995 685 4046 caussa
717 3982 913 4052 reiiciendas
945 4001 1039 4072 csse,
1071 3980 1109 4050 O.
1137 3981 1346 4050 Voelckerus
1437 4009 1438 4060 r

254 4067 464 4162 Giessensis,
485 4073 735 4168 dissertatione,
765 4083 1076 4168 quaeinscribitur:
1088 4128 1091 4134 .
1105 4081 1170 4149 llic
1191 4079 1347 4155 warde
1437 4063 1438 4148 ἶ

254 4191 344 4264 rung
356 4171 416 4240 der
424 4176 800 4250 Aeoliscbenllolonien
814 4183 901 4251 nach
910 4184 1016 4250 Asien
1030 4183 1081 4248 als
1089 4180 1346 4266 Veranlassung
1437 4199 1438 4268 3

252 4269 325 4340 und-
342 4271 547 4366 ¹Gmndlago
577 4278 638 4374 des
669 4281 1105 4372 Trojaniscbenerrieges,
1136 4283 1171 4353 in
1194 4281 1355 4370 figam-2
