2844 4952
681 419 743 455 -.
781 375 855 460 230
903 415 953 434 ·-
1039 451 1042 472 ,

353 586 549 655 Permulta
575 579 700 671 lugitis
726 577 864 648 solemni
892 575 1091 643 Nemeorum
1118 577 1248 663 peracto
1271 571 1329 667 (ot

273 693 350 778 142,
380 691 402 756 8
423 677 578 773 ineunte)
598 681 776 770 paucisque
797 673 916 749 additis
934 673 1050 743 diebus
1070 674 1194 764 Dymas
1213 677 1332 764 estpro-

271 793 378 858 tectus
399 786 442 854 u‘d
462 781 661 875 praesidium
680 777 892 864 Aetolorum,
921 773 1006 864 qnod
1035 775 1078 846 ab
1104 775 1194 844 Eleis
1217 777 1331 842 emtum

272 889 563 977 acceptumquein
581 869 694 952 urbem
723 883 815 965 erat,
842 875 1042 944 eiiciendmn.
1085 874 1263 964 Cycliadas,
1285 893 1332 964 po-

164 1041 166 1051 ,
274 1011 337 1060 mes
356 1008 451 1078 quem
470 1002 595 1056 summa
615 981 740 1070 imperii
761 983 845 1065 erat,
866 977 1059 1064 Achaeique
1079 977 1123 1048 ad
1141 977 1260 1066 Dymas
1276 976 1334 1064 regi

272 1108 460 1178 occurrere,
480 1093 514 1156 et
527 1086 684 1155 uteorum
698 1080 833 1148 accensi
845 1078 931 1167 odio,
944 1077 1031 1166 qnod
1044 1097 1066 1148 a
1079 1082 1199 1152 ceteris
1212 1079 1332 1147 Achaeis

273 1269 437 1358 adversus
456 1306 495 1354 se
515 1288 661 1356 movisse
680 1283 801 1352 bellum
821 1278 1012 1350 credebant.
1062 1281 1205 1352 Profecti
1222 1279 1261 1348 ab
1277 1278 1333 1364 lly-

271 1389 332 1456 mis
363 1390 535 1456 coniuncto
568 1385 717 1454 exercitu
752 1387 925 1450 transeunt
952 1381 1120 1454 {amisum
1134 1399 1267 1467 amnem
1294 1376 1335 1464 qui

1394 29 1395 46 l

1394 49 1395 58 r

1358 303 1363 316 x

153 1219 156 1232 ·
272 1189 503 1276 dissentirent,
531 1193 566 1254 et
590 1181 710 1254 intensi
735 1181 882 1268 Aetolis,
912 1198 994 1266 quos
1024 1181 1206 1250 Muranum
1233 1194 1335 1266 quoqne
1398 1201 1399 1210 κ

271 1489 390 1556 Eleum
411 1505 529 1576 ugrum
549 1485 592 1551 ab
605 1484 753 1571 Dymaeo
774 1481 893 1550 dirimit
904 1479 1000 1574 (Liv.
1014 1485 1141 1571 XXVll,
1154 1486 1206 1570 81,
1216 1471 1336 1568 Ml}
1399 1503 1400 1506 ¹

354 1587 494 1656 Primum
514 1583 620 1672 diem,
641 1603 704 1670 quo
725 1581 808 1651 tineo
828 1582 967 1652 hostium
985 1584 1134 1671 ingressi
1153 1587 1237 1669 sunt,
1254 1598 1336 1668 popu·

272 1683 370 1752 lando
392 1687 633 1754 absumserunt.
674 1683 813 1750 Postero
834 1679 888 1750 die
908 1684 982 1752 oeie
1001 1685 1164 1752 instructa
1188 1681 1230 1752 od
1248 1683 1336 1751 urben

272 1791 488 1854 accesserunt
508 1783 700 1874 praemissis
721 1783 900 1870 equitibus,
930 1785 985 1870 qui
1014 1783 1228 1874 obequitando
1253 1781 1335 1872 ¹portis
1400 1809 1401 1822 ¹

272 1892 432 1972 promtum
458 1883 502 1950 ad
537 1884 752 1952 excursiones
784 1903 898 1972 genus
925 1885 1134 1956 lacesserent
1167 1886 1338 1958 Aetolorum

273 1986 480 2074 Ignorabant
489 1983 670 2073 Sulpicium
691 2002 764 2052 cum
784 1983 968 2070 quindecim
980 1987 1123 2056 navibus
1136 1988 1179 2058 ab
1191 1987 1337 2075 Naupacto

274 2085 438 2174 Cyllenen
456 2087 629 2154 traiecisse
650 2091 685 2152 et
705 2086 865 2174 expositis
885 2085 920 2152 in
947 2093 1073 2156 terram
1101 2095 1247 2177 quottnor
1263 2084 1337 2152 milli-

274 2187 335 2254 bus
355 2192 554 2255 armatorum
574 2187 703 2254 silentiu
723 2188 847 2272 noem,
868 2206 912 2254 ne
933 2190 1081 2276 conspici
1102 2208 1223 2280 agmen
1239 2187 1338 2280 posset,

273 2289 420 2354 intrasse
440 2289 537 2354 Elim.
578 2287 695 2372 ltaque
715 2287 894 2373 improvisa
913 2306 971 2354 res
990 2290 1163 2378 ingentem
1175 2291 1276 2357 iniecit
1286 2291 1340 2352 ter·

275 2405 401 2473 rorem,
421 2395 596 2476 postquem
614 2389 702 2460 inter
727 2389 867 2456 Aetolos
891 2390 1062 2477 Eleosque
1089 2392 1238 2462 Romana
1261 2390 1340 2479 sigar

275 2491 375 2573 ntqm
395 2507 487 2554 orma
508 2505 709 2578 cognovere.
755 2488 803 2554 lit
822 2489 925 2575 primo
946 2492 1101 2578 recipere
1120 2513 1199 2560 suos
1217 2486 1340 2558 voluerat

276 2605 359 2674 rex,
380 2587 457 2656 dein
478 2595 648 2658 contracto
668 2590 734 2656 iam
753 2590 841 2658 inter
859 2591 999 2660 Aetolos
1019 2599 1054 2660 et
1075 2591 1217 2678 Tralles,
1234 2587 1340 2676 illyria·

274 2708 346 2756 rum
366 2687 469 2758 idest
487 2709 615 2780 genus,
630 2691 816 2758 ,eonomine
836 2709 932 2777 quum
952 2693 1069 2781 urgeri
1087 2692 1217 2762 uideret
1234 2685 1342 2757 suesti

275 2791 349 2878 ipse
368 2809 433 2857 rex
452 2809 525 2860 cum
545 2793 691 2879 equitatu
710 2793 746 2858 in
766 2791 934 2860 cohortem
950 2792 1135 2862 Romanam
1155 2789 1288 2860 incurrit
1305 2781 1342 2849 lli

276 2908 380 2975 equus
400 2893 464 2978 pilo
485 2895 645 2960 treiectus
665 2911 762 2978 quum
781 2891 971 2979 prolapsum
990 2910 1052 2978 per
1071 2898 1173 2982 eaput
1189 2881 1342 2979 regenti·

275 2987 416 3057 fudisset
436 2997 534 3058 atrox
554 3007 670 3079 pugna
689 2991 848 3080 utrimque
869 3007 1017 3058 aceensa
1037 2997 1108 3079 est,
1130 2997 1164 3060 et
1183 2991 1225 3058 ab
1243 2989 1342 3056 nona·

276 3089 330 3154 nis
358 3090 477 3176 impetu
506 3091 542 3155 in
568 3108 684 3178 regem
707 3090 796 3158 facto
827 3095 863 3158 et
881 3092 1135 3179 protegentibus
1155 3091 1264 3180 regiis
1298 3085 1342 3149 ln·

276 3188 385 3276 signis
416 3195 451 3256 et
476 3190 579 3277 ipsius
610 3209 726 3278 pugno
753 3189 835 3277 fuit,
868 3209 965 3276 quum
993 3189 1098 3276 pedes
1128 3193 1214 3258 inter
1241 3184 1343 3272 equiti

210 3351 213 3362 ,
279 3295 416 3356 coactus
437 3296 529 3356 esset
550 3290 828 3381 proeliuminire3
849 3288 927 3357 dein
947 3307 1043 3376 qnmn
1064 3292 1128 3358 iem
1142 3293 1243 3378 inpar
1255 3285 1343 3352 cerb-

278 3407 354 3455 men
375 3395 467 3455 esset
488 3387 711 3476 caderentque
732 3391 823 3458 circo
850 3407 924 3456 eum
944 3391 1036 3456 multi
1056 3397 1092 3458 et
1120 3385 1345 3457 uolnerarentur

275 3494 390 3575 raptus
412 3488 455 3553 ab
485 3489 556 3554 suis
582 3493 681 3575 atque
708 3487 805 3556 alteri
831 3507 915 3574 equo
943 3491 1084 3556 iniectus
1111 3491 1204 3578 fugit.
1243 3479 1346 3556 Eodem
1401 3491 1404 3514 ¹

275 3589 400 3674 proelio
427 3587 729 3676 Philopoemenem,
762 3587 973 3654 Achaeorum
999 3589 1192 3678 magistrum
1219 3583 1345 3672 eqfl'fflh

276 3685 436 3752 uteorum
454 3689 616 3775 magister
646 3689 789 3774 equitum
808 3685 1058 3774 Demophontus
1078 3694 1158 3756 ante
1177 3688 1346 3776 signavit·

278 3787 352 3849 ctus
372 3787 476 3872 petiit
518 3783 619 3853 Cuius
640 3787 696 3853 ille
724 3785 971 3874 impressionem
994 3787 1165 3875 excipiens
1190 3771 1346 3872 proeverfii

221 3911 223 3917 v
277 3899 352 3947 eum
371 3883 491 3950 lancea
510 3883 657 3952 feriendo
677 3892 777 3972 etque
798 3885 982 3952 exanimem
1001 3883 1189 3952 deturbavit
1202 3898 1287 3967 equo.
1304 3863 1345 3936 Ad
1378 3927 1380 3940 .

278 3981 370 4046 euius
398 3982 525 4069 lapsum
556 3983 725 4050 confestim
754 3982 936 4052 effuderunt
960 4003 1000 4051 se
1027 3989 1163 4052 ceterae
1180 3976 1346 4049 Aetolorum

278 4085 312 4146 et
331 4080 489 4155 Eleorum
509 4087 682 4168 equestres
703 4086 816 4172 copiae
836 4085 871 4152 in
886 4085 1009 4173 lugam.
1050 4080 1148 4152 Unde
1167 4082 1281 4168 ingens
1297 4085 1346 4134 nt·

171 4248 173 4252 ,
275 4198 350 4246 men
372 4181 532 4266 quaesivit
552 4179 793 4274 Philopoemen,
812 4189 850 4252 ut
870 4183 924 4270 qui
944 4200 1008 4250 nec
1027 4199 1125 4266 mann
1139 4181 1195 4248 ulli
1206 4179 1346 4249 iuvenlffll

272 4296 336 4345 nec
357 4279 414 4345 ulli
435 4298 549 4349 senum
570 4281 770 4353 concederet
789 4279 985 4372 prudentia,
1012 4278 1074 4350 sed
1094 4281 1186 4350 iuxta
1203 4270 1303 4344 mults
1318 4264 1345 4329 ti
