2902 4956
654 420 952 497 ..54-

336 619 498 707 Aeginam
512 614 706 703 Oeantbinc,
725 615 877 682 Aetoliae
892 611 1020 703 oppido,
1041 631 1086 680 ex
1098 612 1243 680 adverso
1258 614 1359 680 sitam

254 718 298 787 ad
328 716 440 786 Griurn
468 718 611 804 fluvium,
645 717 700 802 qui
729 713 817 781 haud
844 715 1030 804 proculab
1058 717 1188 805 Aegira
1209 715 1244 780 in
1263 731 1360 780 mare

253 820 339 906 exit,
359 819 463 885 luisse
481 815 583 884 tradit
595 816 752 904 Polybius
772 811 854 910 (lv,
868 817 920 880 br.
935 809 1360 906 9911.811911.1111,199.],

254 917 438 1004 ibidemque
465 919 702 1006 Aegiratarum
728 913 964 1004 fortitudinem,
992 934 1056 1002 qua
1078 921 1195 983 contra
1216 916 1360 982 Aetolos

254 1019 418 1084 irruentes
431 1017 554 1083 vurbem
572 1015 804 1104 defenderunt,
825 1015 975 1084 laudibus
990 1017 1132 1104 extollit,
1153 1012 1361 1082 9111191191-

251 1125 367 1183 nertus
389 1117 479 1183 urbis
499 1117 681 1206 incolarum
701 1135 869 1182 numerum
896 1123 971 1184 octo
998 1115 1055 1183 vel
1082 1115 1197 1183 decem
1224 1117 1360 1182 millium

250 1217 353 1284 fuisse
375 1218 506 1284 coniicit
530 1214 633 1310 (vill.
655 1239 687 1304 p.
708 1212 820 1308 aab),
846 1235 954 1304 neque
976 1236 1049 1284 eam
1077 1217 1225 1284 Hierocli
1251 1215 1362 1284 solum

141 1323 151 1344 '
252 1323 380 1407 191911,
412 1337 527 1384 verum
555 1336 617 1412 per
645 1316 742 1384 medii
770 1319 846 1386 aevi
873 1335 973 1384 casus
1002 1319 1113 1385 varios
1144 1316 1188 1382 ad
1208 1323 1362 1384 nostram

251 1435 356 1503 usque
377 1423 521 1483 aetatem
541 1415 744 1505 perdurasse
764 1417 827 1504 sub
855 1419 985 1485 nomine
1014 1418 1189 1514 1191911999
1215 1415 1361 1512 (1191τὲ

136 1593 139 1602 ¹
252 1515 410 1585 Phranna
430 1521 458 1582 ll
465 1512 558 1608 ,9.,)
579 1516 676 1585 hodie
696 1521 731 1585 in
752 1517 922 1585 Vosticam
950 1524 1164 1605 commutato,
1192 1535 1256 1584 nec
1282 1533 1364 1586 cum

253 1615 457 1684 occidentem
472 1636 593 1684 versus
607 1619 781 1686 remotiore
795 1616 951 1686 Vostitna
966 1616 1209 1706 commutando,
1230 1624 1363 1698 narrat.

252 1714 306 1781 lle
340 1714 431 1907 gip
453 1723 563 1784 tamen
598 1719 697 1786 lluvio
730 1737 797 1788 non
825 1719 990 1788 consentit
1024 1718 1205 1834 Muellerus
1245 1714 1360 1811 (nor.

253 1819 301 1902 ll,
322 1819 343 1879 4

743 1913 778 2022 8.
809 1935 861 1998 21.
972 1989 976 1998 ,

503 2067 649 2132 Ρ11911911.
692 2070 1104 2134 99191991191119999199.

316 2201 446 2269 119919
467 2221 565 2290 porro
587 2203 630 2270 ab
648 2204 778 2294 Aegira
799 2203 1008 2272 discedentes
1029 2223 1051 2270 a
1070 2203 1159 2270 lovis
1179 2202 1301 2290 templo
1323 2208 1362 2270 et

255 2319 316 2386 per
331 2309 460 2369 montes
481 2303 596 2390 ardua,
617 2303 758 2370 stadium
776 2303 842 2370 XL
855 2305 956 2371 nihilo
978 2305 1112 2371 brevior
1124 2307 1281 2370 Pbellm
1301 2306 1363 2370 via
1438 2337 1439 2390 3

209 2412 214 2426 ‘
255 2397 351 2466 ducit.
393 2403 531 2468 llaec
509 2422 591 2468 vero
612 2404 692 2468 urbs
712 2423 833 2470 versus
854 2403 1021 2472 meridiem
1034 2406 1188 2493 Aeginae
1206 2406 1362 2472 subiecta
1438 2403 1439 2416 ¹

254 2499 314 2564 luit
334 2499 439 2567 iudice
460 2501 646 2570 Mannerto.
688 2507 778 2570 luter
793 2504 1003 2572 Zakoulaet
988 2507 1151 2572 tAcrata
1171 2508 1262 2593 ponit
1284 2523 1362 2574 eam

170 2649 173 2652 .
257 2596 384 2666 Gellius
405 2599 447 2694 (1
470 2621 498 2667 c.
519 2625 551 2690 p.
572 2598 659 2694 22),
682 2607 736 2690 qui
756 2605 844 2671 hanc
866 2626 992 2694 rupem
1000 2624 1022 2671 9
1041 2607 1197 2673 Zukoula
1217 2605 1360 2674 duarum

254 2698 357 2766 ferme
389 2702 544 2770 horarum
575 2710 610 2770 et
641 2705 684 2770 ab
715 2707 844 2772 Acrota
874 2705 1010 2772 duarum
1046 2707 1199 2772 horarum
1231 2711 1360 2796 spatio⁷
1437 2729 1438 2766 1

253 2801 370 2886 quinta
400 2802 503 2869 borae
527 2809 622 2890 parte
643 2802 833 2893 deficiente,
862 2812 1020 2873 removet.
1047 2803 1358 2898 (0111191199.

256 2903 302 2986 11,
321 2895 417 2991 428.)
457 2903 599 2990 Accepit
611 2903 748 2971 Phelloii
766 2903 873 2972 iudice
886 2905 1018 2974 Kulmio
1040 2925 1160 2973 nomen
1180 2925 1202 2972 9
1221 2918 1360 2996 petroso

147 2995 149 3002 '
257 2999 342 3086 loco,
364 3001 398 3066 in
420 3020 482 3088 quo
505 3003 656 3070 11191111.
677 3002 1009 3098 (0181911191.)
1048 3007 1233 3073 Pausanias
1253 3007 1360 3078 Phel-
1436 2995 1437 3044 ³

124 3129 128 3132 ·
257 3099 335 3170 loe'u
363 3103 534 3169 castellum
557 3106 687 3172 minime
708 3106 790 3172 clari
810 3107 949 3174 nominis
969 3112 1072 3174 vocat
1089 3125 1227 3194 eamque
1247 3127 1292 3175 ne
1314 3111 1359 3176 ab

256 3199 388 3266 ionibus
425 3201 552 3288 quidem
590 3223 632 3270 ea
663 3205 738 3274 loca
768 3208 956 3275 tenentibus
988 3211 1146 3294 perpetuo
1160 3208 1361 3278 -habitutam

258 3317 346 3366 csse.
378 3302 477 3391 Ager
490 3303 578 3371 vites
591 3306 733 3374 feliciter
746 3303 923 3395 educabat,
945 3325 987 3373 aa
1007 3325 1071 3393 qua
1091 3311 1231 3376 maxime
1252 3329 1360 3380 saxo-
1435 3361 1436 3377 .

257 3419 316 3466 sus
338 3408 412 3468 erat
431 3409 528 3520 parte
547 3406 669 3473 multae
685 3407 812 3524 passim
834 3426 990 3494 quercus,
1011 3408 1133 3476 1111199
1154 3410 1360 3502 1191119199,

260 3501 353 3567 cervi
383 3504 529 3620 inprimis
561 3513 595 3572 91
623 3508 695 3596 apri
721 3509 979 3596 reperiebantur
1028 3510 1233 3577 Perennibus
1260 3514 1359 3598 aquis

259 3603 405 3668 maxime
419 3604 580 3696 irriguum
601 3607 781 3674 castellum.
823 3607 871 3674 lbi
898 3607 1019 3694 templa
1038 3608 1151 3675 Liberi
1172 3616 1206 3676 et
1225 3609 1360 3680 Dianae
1434 3667 1435 3683 .

259 3708 366 3770 erant.

342 3805 398 3871 Ab
412 3805 542 3894 Aegira
555 3804 832 3873 descendentibus
846 3804 890 3872 ad
903 3809 1025 3875 navale
1046 3815 1146 3898 atquc
1165 3811 1256 3877 illinc
1275 3831 1358 3898 pro-

258 3906 390 3991 gressis
410 3907 507 3992 paulo
528 3906 661 3994 longius
682 3903 725 3971 ad
745 3907 822 3974 viae
841 3905 1013 3976 dexteram
1033 3916 1086 3977 est
1110 3908 1213 3976 aedes
1238 3913 1357 4002 A-grc
1433 3931 1434 3938 ¹

259 4004 321 4068 stis
335 4002 548 4092 Dianaeque
568 4007 643 4072 loco
664 4008 850 4094 capellam
840 4028 873 4074 m
887 4007 973 4076 bello
988 4027 1061 4076 curn
1074 4009 1241 4098 Sicyoniis
1247 4017 1356 4103 gesto

258 4102 474 4188 procubuisse
494 4112 685 4173 memorant

343 4205 433 4268 lnter
445 4205 621 4294 Aeginam
628 4212 662 4274 et
680 4209 837 4277 Pellenen
858 4211 1030 4277 castellum
1050 4211 1112 4278 sub
1127 4209 1356 4300 Sicyoniorum
1432 4289 1433 4295 η

258 4299 380 4370 ditione
385 4306 499 4396 ponit
526 4307 709 4375 Pausanias
738 4311 947 4391 Δονουσαν,
978 4311 1034 4377 vel
1054 4313 1162 4398 potius
1186 4315 1355 4388 sauram,
