2864 4960
656 368 953 440 ‘’lm‘’

259 563 435 630 universus
461 579 563 648 prope
593 559 683 626 orbis
704 565 868 626 terrarum
888 560 950 626 sub
971 561 1138 646 imperium
1158 559 1265 648 populi
1284 559 1358 628 Ro-

142 648 147 659 '
261 663 349 728 mani
368 662 465 728 1111111
485 659 658 746 redactus,
685 657 717 723 id
738 657 865 726 demum
891 664 1017 746 tempus
1045 664 1199 746 tanquam
1220 661 1358 726 univer·
1422 671 1423 728 i

262 763 343 828 salis
364 762 521 829 historiae
535 759 743 827 inchoandae
757 760 957 847 aptissimum
971 759 1359 833 accommodatissimum·
1422 751 1423 776 *

260 881 323 947 que
344 861 520 929 lectoribus
542 859 744 927 commendet
766 878 888 946 eosque
909 859 1003 924 simul
1024 853 1223 926 consiliisui
1244 855 1360 924 admo·

261 967 351 1049 neat,
371 963 500 1028 minime
520 979 614 1046 vero,
635 965 680 1046 ut,
702 976 787 1045 quae
801 956 1128 1046 Schweighaeusero
1150 957 1360 1042 videbantur,

260 1062 375 1128 horum
406 1061 645 1149 quinquaginta
664 1061 761 1125 trium
782 1077 951 1144 annonam,
981 1055 1059 1124 iude
1090 1057 1133 1124 ab
1164 1053 1360 1144 Olympiade

260 1163 323 1224 14⁰
342 1159 386 1226 ad
406 1161 504 1228 finem
524 1178 629 1247 usqne
650 1160 729 1226 belli
748 1155 965 1244 Macedonici,
986 1158 1155 1225 historiam
1171 1177 1210 1224 se
1225 1175 1360 1244 compo-

142 1343 148 1354 ,
259 1262 395 1328 sitruum
425 1279 502 1327 esse
533 1259 733 1347 profiteatm.
784 1259 898 1326 Tertio
924 1257 1052 1326 demum
1083 1264 1118 1325 et
1146 1258 1360 1344 sequentibus

260 1362 420 1448 capitibus
441 1359 484 1429 dc
504 1362 595 1428 initio
617 1351 826 1428 historiarum
847 1377 980 1424 suarum
999 1358 1154 1445 loquitur,
1175 1375 1285 1444 neque
1306 1363 1363 1422 ta-

259 1467 335 1525 men
355 1457 467 1524 addita
488 1466 668 1546 temporum
689 1465 782 1526 certa
803 1459 1042 1544 terminatione,
1057 1475 1153 1544 quam
1167 1463 1284 1543 quarto
1299 1454 1360 1523 de-

259 1579 344 1624 mum
372 1561 479 1646 capite
508 1559 582 1626 libri
609 1561 698 1626 tertii
718 1561 876 1647 proponit.
918 1558 992 1628 Duo
1015 1560 1100 1624 111111
1120 1557 1249 1644 Polybii
1268 1559 1360 1645 prio-

259 1677 316 1722 res
336 1659 410 1724 libri
438 1675 534 1744 quum
561 1661 655 1745 quasi
674 1661 965 1747 praeparationem·
979 1657 1142 1744 quandam
1168 1657 1257 1726 tertii
1278 1673 1360 1724 con·

259 1760 412 1846 tineant,
425 1761 549 1826 consilii
570 1766 696 1826 tantum
724 1765 758 1825 et
779 1759 989 1826 historiarum
1010 1759 1092 1826 initii
1112 1759 1361 1852 expositionem,
1423 1823 1424 1828 ,

262 1867 299 1926 ut
308 1862 357 1926 ita
365 1858 482 1946 dicam,
493 1861 688 1948 generalem
699 1859 865 1944 exhibent.
888 1855 1054 1940 Quomodo
1065 1859 1167 1946 igitur
1177 1855 1361 1947 Schweig-
1423 1847 1424 1898 f

259 1959 423 2026 hauserus
438 1958 635 2027 concludere
644 1961 762 2047 potuit:
777 1961 902 2047 scripta
915 1959 1000 2026 haec
1014 1958 1222 2026 antebellum
1232 1958 1360 2026 Achai-

215 2097 218 2103 ·
262 2078 335 2125 cum
356 2067 455 2147 atque
476 2059 560 2128 adeo
582 2062 710 2130 omnino
736 2065 814 2127 ante
834 2078 955 2128 novam
975 2061 1065 2126 illam
1084 2078 1194 2126 rernm
1216 2065 1360 2126 conver-

250 2162 419 2250 sionem,¹
425 2179 521 2248 quarn
541 2149 637 2249 parte
657 2163 841 2249 posteriore
860 2161 1015 2248 propriae
1034 2164 1070 2226 et
1097 2159 1258 2226 uberioris
1278 2177 1360 2227 suae

260 2261 430 2347 historiae,
450 2284 528 2328 noco
547 2265 705 2328 condendi
723 2267 810 2327 initio
830 2273 941 2338 mnan,
963 2266 999 2326 ut
1020 2260 1360 2374 111111111-

195 2425 197 2428 .
261 2353 680 2480 1111111111111111111111
721 2360 836 2428 Verba
867 2359 992 2446 Polybii
1017 2356 1121 2424 illa
1105 2352 1189 2443 nubo
1220 2381 1274 2448 ης,
1304 2355 1362 2426 διὰ

236 2454 303 2533 ιτὸ
331 2453 478 2552 μέγεθος
511 2457 642 2541 1111111
671 2460 760 2548 adep
790 2450 1021 2545 πράξεων-
1051 2453 1265 2550 προήχθην,Ι
1283 2453 1359 2526 οἷον

263 2553 374 2646 ἀρχὴν
396 2546 633 2648 uoipodparloc'
655 2553 774 2648 ἄλλην,
801 2551 959 2646 γράφειν·
1002 2557 1360 2649 Schweighaeuserrim

260 2652 431 2726 induxisse
452 2658 565 2728 vident
551 2666 622 2748 tur,
652 2667 688 2727 ut
714 2663 853 2728 alteram
872 2665 1006 2748 partem
1019 2659 1096 2727 inde
1117 2679 1138 2726 a
1157 2661 1242 2730 libro
1263 2663 1361 2728 tertio

261 2761 379 2827 seriori
398 2759 526 2828 demum
546 2768 694 2850 tempore
714 2763 954 2849 conscripsisse
976 2767 1010 2829 et
1029 2761 1189 2858 duplicem
1203 2761 1360 2830 historia-
1424 2801 1425 2850 ,

260 2879 334 2925 rum
354 2879 486 2927 suarum
507 2859 680 2929 editionem
703 2862 873 2950 Polybium
902 2880 1040 2930 curasse
1061 2863 1272 2928 existimaret.
1316 2862 1360 2927 At
1424 2857 1425 2888 ¹

259 2947 416 3045 Polybius
444 2958 577 3028 disertis
603 2963 717 3030 verbis
745 2961 913 3050 declarat,
940 2981 980 3030 sc
1006 2960 1097 3028 finito
1124 2959 1252 3028 demum
1274 2959 1358 3028 hello

260 3057 477 3128 Macedonico
497 3079 607 3129 rerum
628 3061 844 3130 conditionem
865 3061 1105 3148 Graeciamque
1124 3059 1283 3148 qromodo
1300 3081 1359 3148 op-

262 3176 382 3246 pressa
408 3162 452 3227 sit
478 3160 717 3250 descripturum
741 3164 844 3230 veluti
873 3162 980 3230 altera
1000 3163 1208 3230 historiarum
1228 3180 1358 3228 suarum

262 3264 375 3346 parte,
396 3280 492 3378 quum
511 3264 621 3350 priore
641 3263 918 3352 demonstrasset,
940 3254 1004 3350 qua
1024 3264 1153 3331 ratione
1174 3268 1208 3329 et
1230 3259 1357 3348 quando

248 3359 402 3428 'Romani
432 3361 618 3430 universum
648 3381 752 3451 prope
780 3365 891 3437 orbem
921 3369 1081 3430 terrarum
1108 3364 1142 3428 in
1162 3369 1357 3450 potestatem

263 3477 357 3526 suam
378 3459 578 3551 redegerint
620 3464 683 3529 llis
704 3481 786 3530 vcro
806 3465 853 3530 ita
872 3461 1071 3530 adversatur
1091 3459 1369 3560 Schweighaeu-

262 3577 372 3662 serns,
392 3567 428 3626 ut
449 3563 608 3649 opinetur,
627 3563 715 3629 hanc
736 3563 989 3650 explicationem
1009 3563 1162 3650 aliosque
1172 3563 1296 3649 passim
1309 3563 1375 3630 lo·

264 3678 323 3726 cos
344 3663 438 3748 primi
459 3669 493 3728 et
513 3661 649 3728 secundi
669 3663 752 3750 libri,
770 3663 822 3728 ubi
837 3662 1000 3730 Graeciae
1014 3664 1184 3730 servitutis
1195 3662 1357 3730 foederis-

264 3777 328 3845 que
348 3761 558 3828 Achaeorum
577 3761 799 3830 dissolutionis
818 3763 1014 3830 mentionem
1034 3765 1149 3830 iecerit
1170 3769 1297 3850 auctor,
1317 3762 1357 3828 ab

264 3857 380 3926 eodem
399 3866 466 3926 tum
486 3859 613 3928 demum
633 3881 711 3928 esse
730 3865 885 3951 insertos,
906 3882 1001 3950 quum
1020 3882 1141 3932 novam
1161 3866 1271 3952 operis
1288 3862 1358 3930 edi-

264 3960 385 4027 tionem
406 3961 597 4029 exhibuerit.
639 3957 724 4042 Quid
744 3964 855 4051 igitur,
875 3964 955 4031 licet
974 3965 1071 4032 istam
1090 3961 1357 4053 Schweighaeu-

264 4059 333 4126 seri
353 4061 535 4149 opinionem
555 4079 670 4132 veram
690 4061 851 4150 dicamus,
873 4071 1091 4152 consequetur
1110 4053 1214 4130 1111111
1255 4063 1357 4150 Poly-

264 4161 350 4228 bium
364 4179 446 4227 sane
460 4182 527 4229 nou
540 4164 686 4230 valuisse
701 4162 816 4231 iudicio
831 4169 865 4232 et
878 4161 1126 4252 vituperandum
1140 4180 1227 4250 esse,
1241 4165 1357 4251 quippe

265 4264 329 4352 qui,
350 4264 524 4331 sententiis
544 4266 707 4334 notuhsue
727 4265 835 4334 serius
855 4263 1067 4362 interpositu,
1083 4265 1192 4352 operis
1206 4266 1259 4330 sui
1276 4283 1356 4332 con-
