2864 4960
652 287 828 362 -raa
879 248 954 330 -’

249 480 378 570 gasirm
399 479 530 566 octavo,
548 477 612 542 248
632 493 663 542 ιι.
685 474 803 554 Cha(
788 484 870 554 (nan
891 477 968 564 uta,
985 479 1022 542 ut
1041 476 1127 544 falsu
1146 475 1422 591 Heluipgius

247 579 599 670 cepstaticum
628 583 737 646 autem
766 582 923 665 praetura
951 575 1048 644 Arati
1076 574 1218 644 altera
1202 578 1347 696 'primm

195 681 201 692 '
248 685 366 750 secuta
386 683 455 765 est,
483 683 519 744 ut
539 673 638 743 tradit
657 674 856 744 Plutarchus
878 675 996 760 (Arai.
1019 694 1047 742 c.
1068 673 1164 766 18),
1194 676 1346 760 ιιιαιτῳ
1421 639 1422 752 l

208 791 218 812 ⁸
250 772 460 864 ddccapov.
480 796 545 844 uuo
566 777 667 864 igitur
687 777 860 844 interiecto
882 790 978 842 auno.
1021 771 1125 856 Quam
1146 776 1186 843 ab
1201 779 1350 845 remha-
1421 769 1422 864 l

250 882 365 950 bemus
384 879 521 967 primum
540 877 638 944 Arati
659 883 849 964 praeturam
869 894 957 944 aune
979 876 1100 944 aetatis
1123 879 1227 964 ipsius
1248 877 1351 964 vige-
1421 875 1422 938 l

250 981 333 1046 simu
354 984 461 1065 sexto,
482 979 546 1042 848
566 995 596 1044 a
618 974 698 1046 (ihr.
739 978 827 1044 llice
848 977 947 1044 etiem
972 982 1064 1064 patet
1083 976 1272 1044 Pausaniae
1291 975 1351 1062 (ll,

249 1081 272 1144 8
272 1081 341 1168 ,.8)
361 1079 555 1166 particulam
575 1074 700 1144 αὐτίκα
721 1074 764 1143 da
784 1096 847 1144 sex
859 1094 1018 1143 annorum
1031 1077 1138 1164 spatio
1156 1075 1351 1162 intelligen-

249 1177 324 1246 dam
344 1195 431 1244 esse
459 1175 523 1262 (Gi
539 1177 661 1265 Bayer.
682 1177 776 1248 East.
796 1175 882 1242 Ach.
902 1198 934 1264 p
956 1179 1132 1242 288-882.
1153 1173 1351 1288 Schweigh.
1421 1149 1422 1248 l

249 1277 293 1345 ad
306 1275 421 1364 Polyb
431 1277 478 1364 11,
491 1279 544 1362 88,
561 1278 591 1340 8
613 1277 668 1363 qui
688 1273 857 1363 Grcuavh’,
878 1275 1008 1342 Reiskii
1028 1275 1254 1360 harcherique
1276 1275 1350 1362 cpi·

250 1380 391 1466 irionem,
413 1393 498 1463 quae
518 1377 614 1444 Arati
633 1381 822 1465 praeuiram
842 1377 978 1462 primum
997 1373 1041 1440 ad
1062 1392 1189 1441 annum
1202 1375 1266 1439 tul
1293 1393 1352 1448 re-
1421 1391 1422 1440 t

251 1482 377 1563 movet,
405 1477 524 1542 falsam
551 1494 629 1542 csse
658 1473 771 1567 docet3
798 1474 956 1563 Polybius
988 1475 1073 1541 euim
1097 1475 1232 1563 primam
1259 1477 1356 1542 Arati

249 1582 437 1668 praeturum
456 1596 524 1644 nou
543 1576 696 1658 notavit.)

333 1676 451 1742 Mirum
476 1693 560 1742 sane
588 1674 695 1742 videri
721 1675 826 1763 possit
853 1676 993 1742 Aratum
1023 1676 1272 1764 annosviginti
1291 1693 1355 1742 sex

253 1781 366 1845 natum
394 1781 581 1864 praetorem
610 1793 688 1842 esse
714 1781 877 1866 creatum3
903 1778 995 1842 etsi
1021 1774 1215 1843 recordatus
1242 1775 1356 1860 tueris,

254 1884 378 1966 quanta
411 1877 510 1944 baua·
527 1882 561 1944 et
589 1877 730 1964 singulis
760 1877 888 1942 civibus
917 1883 953 1943 et
983 1883 1124 1944 cunctae
1145 1877 1369 1944 Achaeorum·

253 1977 453 2067 reipublicae
479 1976 629 2045 attrderit.
648 1973 746 2062 idem,
767 1973 919 2044 concidet
938 1977 1086 2062 proiectu
1109 1979 1214 2044 cruuis
1234 1978 1294 2044 illa
1315 1975 1355 2042 de

252 2084 413 2170 praetura
440 2077 567 2144 iuvenis
596 2093 684 2146 aune
714 2075 846 2142 XXVI.
877 2079 997 2144 aetalis
1017 2095 1099 2145 suae
1118 2077 1205 2144 fama
1225 2077 1355 2167 gluria-

255 2197 319 2268 que
347 2196 461 2247 amnes
486 2179 557 2244 fere
584 2177 743 2263 aequales
774 2179 963 2264 superantis
991 2175 1158 2246 dubitatio.
1199 2179 1255 2244 Aa
1282 2177 1358 2243 licet

255 2283 370 2346 certae
391 2275 551 2364 quaedam
570 2277 670 2366 leges
690 2275 733 2346 de
749 2276 906 2344 creandis
918 2279 1129 2366 praetoribus
1140 2277 1263 2344 iruerint
1278 2295 1359 2344 curr-

255 2379 408 2464 stitutae‚
438 2383 550 2444 tamen
578 2375 712 2444 easdem
733 2395 964 2464 nunnunquam
984 2379 1122 2467 migrari
1142 2399 1208 2446 narr
1229 2377 1359 2446 videtur

255 2478 444 2548 inusitatum
469 2477 573 2544 fuisse
601 2494 708 2562 neque
734 2475 921 2565 inauditum,
941 2479 1136 2567 praesertim
1156 2480 1358 2546 necessitate

257 2582 402 2667 urgente
421 2595 519 2664 quum
540 2574 676 2644 adesset
696 2567 767 2664 vir,
798 2577 852 2664 qui
882 2581 1021 2646 emnium
1041 2580 1106 2646 sihi
1125 2579 1266 2646 haberet
1285 2579 1359 2646 aci-

257 2697 330 2748 mos
351 2678 544 2746 conciliatas
566 2694 607 2744 ac
627 2675 811 2765 devinctus,
833 2679 952 2764 quales
967 2679 1061 2746 luere
1080 2679 1208 2745 Aratus
1230 2679 1358 2746 etPhi-

259 2779 440 2867 lapcemen.
461 2775 533 2872 (ct
551 2777 673 2865 Bayer.
694 2778 715 2844 l.
738 2797 766 2844 c.
788 2801 822 2866 p.
841 2774 939 2871 814.)
956 2777 1126 2867 hydiadas
1140 2797 1270 2866 quoque
1282 2779 1357 2845 lile-

258 2879 513 2966 galupclitauus,
535 2896 630 2964 quum
651 2877 826 2966 tyrannide
847 2875 1187 2968 posita-urhemsualu
1202 2878 1359 2946 Achaeo-

259 2999 331 3046 rum
359 2976 484 3046 iaederi
513 2975 724 3066 tradidisset,
755 2981 866 3046 statim
898 2985 1031 3046 creatus
1061 2985 1114 3046 cst
1150 2984 1287 3068 praetor
1321 2979 1360 3044 ah

261 3077 410 3155 Achaeis
436 3077 479 3144 ch
508 3077 594 3146 hene
613 3079 852 3167 praeclareque
871 3079 959 3146 factu
979 3080 1123 3170 gratiam
1142 3079 1358 3146 reserantibus

257 3177 370 3264 (Ριιιι.
393 3167 488 3245 Arta
513 3197 541 3245 c.
562 3178 649 3268 88..)
669 3177 761 3246 Idem
781 3179 1024 3264 Aristomache,
1038 3179 1243 3267 Argivorum
1261 3185 1359 3244 autea

199 3267 202 3274 ’
261 3284 405 3366 tyranno
427 3279 566 3366 contigit
584 3275 691 3372 [Plut.
711 3279 807 3348 Aret.
830 3298 860 3346 c.
879 3273 962 3370 88..)
1004 3274 1123 3358 Quidni
1148 3279 1252 3368 igitur
1278 3294 1360 3346 ean·
1421 3261 1422 3336 l

262 3376 338 3447 dem
358 3379 456 3446 Arati
475 3379 577 3445 luisse
597 3381 757 3446 rationem
778 3385 970 3467 statuamus,
993 3379 1110 3466 quippe
1132 3396 1227 3465 quem
1248 3397 1359 3446 amnes

264 3480 436 3548 societatis
456 3479 627 3546 Achaicae
654 3477 855 3548 conditerem
874 3469 1135 3568 paehcarcnt‘t
1162 3475 1237 3564 (ci.
1249 3477 1361 3566 Polyb.

349 3965 421 4040 Iam
441 3992 504 4062 quo
523 3976 646 4062 priora,
667 3991 752 4062 quae
772 3973 815 4043 de
835 3975 933 4044 Arati
953 3974 1118 4044 adversus
1136 3977 1279 4044 Aetolus
1300 3993 1363 4042 ex·

242 4129 244 4134 .
267 4070 432 4163 peditioue
452 4073 676 4162 narravimus,
699 4079 733 4142 et
754 4092 838 4160 quae
859 4073 1016 4163 deinceps
1039 4072 1260 4144 consecutura
1277 4081 1359 4158 suut

270 4175 459 4244 accuratius
484 4171 731 4265 intelligantur,
764 4175 818 4243 hic
853 4175 1109 4244 ‹le-Aetolorum
1127 4177 1228 4244 rebus
1246 4175 1360 4268 gestis

1421 4761 1422 4804 t

1419 4867 1422 4928 l
