<?xml version="1.0" encoding="UTF-8"?>
<!DOCTYPE html PUBLIC "-//W3C//DTD XHTML 1.0 Transitional//EN"
    "http://www.w3.org/TR/xhtml1/DTD/xhtml1-transitional.dtd">
<html xmlns="http://www.w3.org/1999/xhtml" xml:lang="en" lang="en">
 <head>
  <title>
</title>
<meta http-equiv="Content-Type" content="text/html;charset=utf-8" />
  <meta name='ocr-system' content='tesseract 3.04.00' />
  <meta name='ocr-capabilities' content='ocr_page ocr_carea ocr_par ocr_line ocrx_word'/>
</head>
<body>
  <div class='ocr_page' id='page_1' title='image "achaicorumlibri00merlgoog_0209.png"; bbox 0 0 2844 4952; ppageno 0'>
   <div class='ocr_carea' id='block_1_1' title="bbox 630 373 941 488">
    <p class='ocr_par' dir='ltr' id='par_1_1' title="bbox 630 373 941 488">
     <span class='ocr_line' id='line_1_1' title="bbox 630 373 941 488; baseline -0.019 -36"><span class='ocrx_word' id='word_1_1' title='bbox 630 401 716 452; x_wconf 77' lang='grc'>,-··</span> <span class='ocrx_word' id='word_1_2' title='bbox 769 373 941 488; x_wconf 64' lang='grc'><strong>192*-</strong></span> 
     </span>
    </p>
   </div>
   <div class='ocr_carea' id='block_1_2' title="bbox 262 561 1349 652">
    <p class='ocr_par' dir='ltr' id='par_1_2' title="bbox 262 561 1349 652">
     <span class='ocr_line' id='line_1_2' title="bbox 262 561 1349 652; baseline -0.001 -19"><span class='ocrx_word' id='word_1_3' title='bbox 262 563 395 652; x_wconf 86' lang='lat' dir='ltr'><strong>utrique</strong></span> <span class='ocrx_word' id='word_1_4' title='bbox 411 567 576 652; x_wconf 88' lang='lat' dir='ltr'><strong>cuperent.</strong></span> <span class='ocrx_word' id='word_1_5' title='bbox 610 561 715 630; x_wconf 85' lang='lat' dir='ltr'><strong>&#39;lianc</strong></span> <span class='ocrx_word' id='word_1_6' title='bbox 737 579 818 630; x_wconf 91' lang='lat' dir='ltr'><strong>vero</strong></span> <span class='ocrx_word' id='word_1_7' title='bbox 839 563 977 628; x_wconf 87' lang='lat' dir='ltr'><strong>salutem</strong></span> <span class='ocrx_word' id='word_1_8' title='bbox 998 563 1096 630; x_wconf 85' lang='lat' dir='ltr'><strong>unice</strong></span> <span class='ocrx_word' id='word_1_9' title='bbox 1116 563 1256 651; x_wconf 88' lang='lat' dir='ltr'><strong>positam</strong></span> <span class='ocrx_word' id='word_1_10' title='bbox 1276 581 1349 632; x_wconf 85' lang='lat' dir='ltr'><strong>esse</strong></span> 
     </span>
    </p>
   </div>
   <div class='ocr_carea' id='block_1_3' title="bbox 113 643 1351 855">
    <p class='ocr_par' dir='ltr' id='par_1_3' title="bbox 113 643 1351 855">
     <span class='ocr_line' id='line_1_3' title="bbox 113 643 1351 750; baseline -0.002 -18"><span class='ocrx_word' id='word_1_11' title='bbox 113 643 117 650; x_wconf 59' lang='grc'><strong>’</strong></span> <span class='ocrx_word' id='word_1_12' title='bbox 249 668 298 732; x_wconf 60' lang='lat' dir='ltr'><strong>&gt;in</strong></span> <span class='ocrx_word' id='word_1_13' title='bbox 318 666 479 733; x_wconf 88' lang='lat' dir='ltr'><strong>societate</strong></span> <span class='ocrx_word' id='word_1_14' title='bbox 499 665 666 749; x_wconf 88' lang='lat' dir='ltr'><strong>utriusque</strong></span> <span class='ocrx_word' id='word_1_15' title='bbox 692 665 818 750; x_wconf 89' lang='lat' dir='ltr'><strong>populi,</strong></span> <span class='ocrx_word' id='word_1_16' title='bbox 845 662 1055 731; x_wconf 75' lang='lat' dir='ltr'><strong>Achaeorum</strong></span> <span class='ocrx_word' id='word_1_17' title='bbox 1086 653 1187 747; x_wconf 81' lang='lat' dir='ltr'><strong>atque</strong></span> <span class='ocrx_word' id='word_1_18' title='bbox 1215 663 1351 730; x_wconf 90' lang='lat' dir='ltr'><strong>Aetolo·</strong></span> 
     </span>
     <span class='ocr_line' id='line_1_4' title="bbox 145 750 1349 855; baseline -0.003 -23"><span class='ocrx_word' id='word_1_19' title='bbox 145 793 149 803; x_wconf 82' lang='lat'>·</span> <span class='ocrx_word' id='word_1_20' title='bbox 261 787 348 855; x_wconf 89' lang='lat' dir='ltr'><strong>rum,</strong></span> <span class='ocrx_word' id='word_1_21' title='bbox 369 781 464 832; x_wconf 89' lang='lat' dir='ltr'><strong>nemo</strong></span> <span class='ocrx_word' id='word_1_22' title='bbox 484 769 552 832; x_wconf 92' lang='lat' dir='ltr'><strong>tum</strong></span> <span class='ocrx_word' id='word_1_23' title='bbox 571 763 727 851; x_wconf 89' lang='lat' dir='ltr'><strong>temporis</strong></span> <span class='ocrx_word' id='word_1_24' title='bbox 747 750 878 830; x_wconf 62' lang='lat' dir='ltr'><strong>videtu‘r</strong></span> <span class='ocrx_word' id='word_1_25' title='bbox 890 763 1079 851; x_wconf 85' lang='lat' dir='ltr'><strong>intelligere</strong></span> <span class='ocrx_word' id='word_1_26' title='bbox 1091 761 1349 851; x_wconf 64' lang='lat' dir='ltr'><strong>voluissemus</strong></span> 
     </span>
    </p>
   </div>
   <div class='ocr_carea' id='block_1_4' title="bbox 200 858 1351 2150">
    <p class='ocr_par' dir='ltr' id='par_1_4' title="bbox 200 858 1351 2150">
     <span class='ocr_line' id='line_1_5' title="bbox 262 858 1349 951; baseline -0.004 -19"><span class='ocrx_word' id='word_1_27' title='bbox 262 864 347 932; x_wconf 89' lang='lat' dir='ltr'><strong>adeo</strong></span> <span class='ocrx_word' id='word_1_28' title='bbox 367 865 550 950; x_wconf 81' lang='lat' dir='ltr'><strong>restitisse,</strong></span> <span class='ocrx_word' id='word_1_29' title='bbox 572 864 741 948; x_wconf 83' lang='lat' dir='ltr'><strong>quominus</strong></span> <span class='ocrx_word' id='word_1_30' title='bbox 761 867 900 949; x_wconf 69' lang='grc' dir='ltr'>ιιιιιιᾳιιθ</span> <span class='ocrx_word' id='word_1_31' title='bbox 921 881 1010 951; x_wconf 82' lang='lat' dir='ltr'><strong>gens</strong></span> <span class='ocrx_word' id='word_1_32' title='bbox 1029 858 1164 929; x_wconf 83' lang='lat' dir='ltr'><strong>foedere</strong></span> <span class='ocrx_word' id='word_1_33' title='bbox 1184 862 1250 929; x_wconf 88' lang='lat' dir='ltr'><strong>icto</strong></span> <span class='ocrx_word' id='word_1_34' title='bbox 1271 880 1349 930; x_wconf 88' lang='lat' dir='ltr'><strong>con·</strong></span> 
     </span>
     <span class='ocr_line' id='line_1_6' title="bbox 261 957 1349 1053; baseline -0.003 -22"><span class='ocrx_word' id='word_1_35' title='bbox 261 982 347 1053; x_wconf 68' lang='lat' dir='ltr'><strong>corsv</strong></span> <span class='ocrx_word' id='word_1_36' title='bbox 359 963 581 1048; x_wconf 88' lang='lat' dir='ltr'><strong>coalesceret,</strong></span> <span class='ocrx_word' id='word_1_37' title='bbox 596 963 736 1030; x_wconf 85' lang='lat' dir='ltr'><strong>Aratus.</strong></span> <span class='ocrx_word' id='word_1_38' title='bbox 780 957 841 1042; x_wconf 81' lang='lat' dir='ltr'><strong>our</strong></span> <span class='ocrx_word' id='word_1_39' title='bbox 854 963 906 1030; x_wconf 89' lang='lat' dir='ltr'><strong>vir</strong></span> <span class='ocrx_word' id='word_1_40' title='bbox 919 961 1037 1030; x_wconf 81' lang='lat' dir='ltr'><strong>adduci</strong></span> <span class='ocrx_word' id='word_1_41' title='bbox 1050 964 1245 1050; x_wconf 88' lang='lat' dir='ltr'><strong>nonpotuit,</strong></span> <span class='ocrx_word' id='word_1_42' title='bbox 1267 964 1349 1050; x_wconf 85' lang='lat' dir='ltr'><strong>quin,</strong></span> 
     </span>
     <span class='ocr_line' id='line_1_7' title="bbox 260 1057 1349 1150; baseline 0 -21"><span class='ocrx_word' id='word_1_43' title='bbox 260 1063 393 1132; x_wconf 90' lang='lat' dir='ltr'><strong>devicta</strong></span> <span class='ocrx_word' id='word_1_44' title='bbox 412 1079 473 1128; x_wconf 88' lang='lat' dir='ltr'><strong>sua</strong></span> <span class='ocrx_word' id='word_1_45' title='bbox 493 1059 616 1128; x_wconf 88' lang='lat' dir='ltr'><strong>invidia</strong></span> <span class='ocrx_word' id='word_1_46' title='bbox 635 1060 874 1150; x_wconf 83' lang='lat' dir='ltr'><strong>superbiaque,</strong></span> <span class='ocrx_word' id='word_1_47' title='bbox 897 1057 1006 1128; x_wconf 86' lang='lat' dir='ltr'><strong>lictum</strong></span> <span class='ocrx_word' id='word_1_48' title='bbox 1034 1063 1122 1129; x_wconf 90' lang='lat' dir='ltr'><strong>illum</strong></span> <span class='ocrx_word' id='word_1_49' title='bbox 1143 1063 1349 1130; x_wconf 78' lang='lat' dir='ltr'><strong>Achaeorum</strong></span> 
     </span>
     <span class='ocr_line' id='line_1_8' title="bbox 259 1159 1348 1252; baseline -0.003 -23"><span class='ocrx_word' id='word_1_50' title='bbox 259 1165 346 1229; x_wconf 87' lang='lat' dir='ltr'><strong>iuter</strong></span> <span class='ocrx_word' id='word_1_51' title='bbox 365 1159 516 1229; x_wconf 80' lang='lat' dir='ltr'><strong>Graecos</strong></span> <span class='ocrx_word' id='word_1_52' title='bbox 537 1161 753 1248; x_wconf 88' lang='lat' dir='ltr'><strong>principatum</strong></span> <span class='ocrx_word' id='word_1_53' title='bbox 782 1163 838 1229; x_wconf 91' lang='lat' dir='ltr'><strong>vel</strong></span> <span class='ocrx_word' id='word_1_54' title='bbox 863 1161 906 1228; x_wconf 90' lang='lat' dir='ltr'><strong>ad</strong></span> <span class='ocrx_word' id='word_1_55' title='bbox 935 1164 1019 1252; x_wconf 81' lang='lat' dir='ltr'><strong>alios</strong></span> <span class='ocrx_word' id='word_1_56' title='bbox 1039 1164 1184 1230; x_wconf 87' lang='lat' dir='ltr'><strong>transire</strong></span> <span class='ocrx_word' id='word_1_57' title='bbox 1203 1161 1260 1230; x_wconf 88' lang='lat' dir='ltr'><strong>vel</strong></span> <span class='ocrx_word' id='word_1_58' title='bbox 1281 1179 1348 1227; x_wconf 89' lang='lat' dir='ltr'><strong>cum</strong></span> 
     </span>
     <span class='ocr_line' id='line_1_9' title="bbox 259 1254 1348 1351; baseline -0.004 -20"><span class='ocrx_word' id='word_1_59' title='bbox 259 1262 390 1331; x_wconf 87' lang='lat' dir='ltr'><strong>Aetolis</strong></span> <span class='ocrx_word' id='word_1_60' title='bbox 419 1263 537 1329; x_wconf 87' lang='lat' dir='ltr'><strong>saltem</strong></span> <span class='ocrx_word' id='word_1_61' title='bbox 565 1254 804 1329; x_wconf 80' lang='lat' dir='ltr'><strong>communicare</strong></span> <span class='ocrx_word' id='word_1_62' title='bbox 835 1267 1014 1351; x_wconf 88' lang='lat' dir='ltr'><strong>patoretur.</strong></span> <span class='ocrx_word' id='word_1_63' title='bbox 1068 1263 1122 1328; x_wconf 92' lang='lat' dir='ltr'><strong>Ac</strong></span> <span class='ocrx_word' id='word_1_64' title='bbox 1149 1259 1348 1329; x_wconf 74' lang='lat' dir='ltr'><strong>Macedones</strong></span> 
     </span>
     <span class='ocr_line' id='line_1_10' title="bbox 260 1360 1349 1450; baseline -0.003 -21"><span class='ocrx_word' id='word_1_65' title='bbox 260 1361 388 1450; x_wconf 91' lang='lat' dir='ltr'><strong>quidem</strong></span> <span class='ocrx_word' id='word_1_66' title='bbox 407 1360 496 1428; x_wconf 89' lang='lat' dir='ltr'><strong>haud</strong></span> <span class='ocrx_word' id='word_1_67' title='bbox 516 1361 735 1450; x_wconf 89' lang='lat' dir='ltr'><strong>spernendam</strong></span> <span class='ocrx_word' id='word_1_68' title='bbox 755 1363 819 1428; x_wconf 90' lang='lat' dir='ltr'><strong>iam</strong></span> <span class='ocrx_word' id='word_1_69' title='bbox 832 1364 937 1430; x_wconf 89' lang='lat' dir='ltr'><strong>semel</strong></span> <span class='ocrx_word' id='word_1_70' title='bbox 956 1363 1100 1430; x_wconf 88' lang='lat' dir='ltr'><strong>tulerant</strong></span> <span class='ocrx_word' id='word_1_71' title='bbox 1121 1381 1225 1450; x_wconf 87' lang='lat' dir='ltr'><strong>opem,</strong></span> <span class='ocrx_word' id='word_1_72' title='bbox 1245 1379 1349 1446; x_wconf 87' lang='lat' dir='ltr'><strong>neque</strong></span> 
     </span>
     <span class='ocr_line' id='line_1_11' title="bbox 259 1461 1350 1552; baseline -0.005 -22"><span class='ocrx_word' id='word_1_73' title='bbox 259 1469 371 1531; x_wconf 87' lang='lat' dir='ltr'><strong>tamen</strong></span> <span class='ocrx_word' id='word_1_74' title='bbox 391 1463 457 1528; x_wconf 89' lang='lat' dir='ltr'><strong>ullo</strong></span> <span class='ocrx_word' id='word_1_75' title='bbox 476 1465 576 1548; x_wconf 87' lang='lat' dir='ltr'><strong>pacto</strong></span> <span class='ocrx_word' id='word_1_76' title='bbox 596 1462 765 1529; x_wconf 87' lang='lat' dir='ltr'><strong>societatis</strong></span> <span class='ocrx_word' id='word_1_77' title='bbox 785 1461 883 1549; x_wconf 81' lang='lat' dir='ltr'><strong>leges</strong></span> <span class='ocrx_word' id='word_1_78' title='bbox 910 1463 1100 1552; x_wconf 81' lang='lat' dir='ltr'><strong>laeserant3</strong></span> <span class='ocrx_word' id='word_1_79' title='bbox 1129 1461 1257 1528; x_wconf 79' lang='lat' dir='ltr'><strong>Aratus</strong></span> <span class='ocrx_word' id='word_1_80' title='bbox 1282 1463 1350 1550; x_wconf 84' lang='lat' dir='ltr'><strong>ipsc</strong></span> 
     </span>
     <span class='ocr_line' id='line_1_12' title="bbox 258 1558 1350 1652; baseline -0.003 -23"><span class='ocrx_word' id='word_1_81' title='bbox 258 1581 392 1630; x_wconf 89' lang='lat' dir='ltr'><strong>suorum</strong></span> <span class='ocrx_word' id='word_1_82' title='bbox 422 1563 549 1628; x_wconf 73' lang='grc' dir='ltr'>ιιιιίιιιοε</span> <span class='ocrx_word' id='word_1_83' title='bbox 578 1559 621 1626; x_wconf 93' lang='lat' dir='ltr'><strong>ad</strong></span> <span class='ocrx_word' id='word_1_84' title='bbox 649 1558 866 1629; x_wconf 82' lang='lat' dir='ltr'><strong>Macedonum</strong></span> <span class='ocrx_word' id='word_1_85' title='bbox 893 1581 1010 1652; x_wconf 86' lang='lat' dir='ltr'><strong>regem</strong></span> <span class='ocrx_word' id='word_1_86' title='bbox 1037 1560 1250 1651; x_wconf 50' lang='lat' dir='ltr'><strong>adremmon</strong></span> <span class='ocrx_word' id='word_1_87' title='bbox 1277 1581 1350 1627; x_wconf 90' lang='lat' dir='ltr'><strong>num</strong></span> 
     </span>
     <span class='ocr_line' id='line_1_13' title="bbox 241 1654 1351 1750; baseline -0.002 -24"><span class='ocrx_word' id='word_1_88' title='bbox 241 1661 331 1748; x_wconf 81' lang='lat' dir='ltr'><strong>‘ipse</strong></span> <span class='ocrx_word' id='word_1_89' title='bbox 352 1663 418 1727; x_wconf 87' lang='lat' dir='ltr'><strong>alia</strong></span> <span class='ocrx_word' id='word_1_90' title='bbox 437 1661 568 1750; x_wconf 89' lang='lat' dir='ltr'><strong>politiae</strong></span> <span class='ocrx_word' id='word_1_91' title='bbox 588 1663 716 1728; x_wconf 88' lang='lat' dir='ltr'><strong>ratione</strong></span> <span class='ocrx_word' id='word_1_92' title='bbox 745 1661 826 1728; x_wconf 90' lang='lat' dir='ltr'><strong>inita</strong></span> <span class='ocrx_word' id='word_1_93' title='bbox 852 1663 993 1749; x_wconf 88' lang='lat' dir='ltr'><strong>priorem</strong></span> <span class='ocrx_word' id='word_1_94' title='bbox 1019 1654 1254 1750; x_wconf 59' lang='lat' dir='ltr'><strong>improbaret?</strong></span> <span class='ocrx_word' id='word_1_95' title='bbox 1275 1661 1351 1747; x_wconf 89' lang='lat' dir='ltr'><strong>Ipse</strong></span> 
     </span>
     <span class='ocr_line' id='line_1_14' title="bbox 257 1759 1351 1850; baseline -0.003 -22"><span class='ocrx_word' id='word_1_96' title='bbox 257 1761 421 1850; x_wconf 83' lang='lat' dir='ltr'><strong>Antigoni</strong></span> <span class='ocrx_word' id='word_1_97' title='bbox 440 1761 702 1829; x_wconf 84' lang='lat' dir='ltr'><strong>benevolentiam</strong></span> <span class='ocrx_word' id='word_1_98' title='bbox 727 1763 868 1829; x_wconf 83' lang='lat' dir='ltr'><strong>maxime</strong></span> <span class='ocrx_word' id='word_1_99' title='bbox 894 1767 1060 1850; x_wconf 80' lang='lat' dir='ltr'><strong>expertus</strong></span> <span class='ocrx_word' id='word_1_100' title='bbox 1074 1767 1164 1848; x_wconf 91' lang='lat' dir='ltr'><strong>erat,</strong></span> <span class='ocrx_word' id='word_1_101' title='bbox 1195 1759 1351 1828; x_wconf 88' lang='lat' dir='ltr'><strong>eandem-</strong></span> 
     </span>
     <span class='ocr_line' id='line_1_15' title="bbox 259 1859 1350 1950; baseline -0.001 -24"><span class='ocrx_word' id='word_1_102' title='bbox 259 1879 322 1947; x_wconf 86' lang='lat' dir='ltr'><strong>que</strong></span> <span class='ocrx_word' id='word_1_103' title='bbox 348 1863 491 1950; x_wconf 84' lang='lat' dir='ltr'><strong>gratiam</strong></span> <span class='ocrx_word' id='word_1_104' title='bbox 518 1859 605 1950; x_wconf 90' lang='lat' dir='ltr'><strong>apud</strong></span> <span class='ocrx_word' id='word_1_105' title='bbox 631 1861 812 1950; x_wconf 89' lang='lat' dir='ltr'><strong>Phdippum</strong></span> <span class='ocrx_word' id='word_1_106' title='bbox 843 1880 882 1928; x_wconf 89' lang='lat' dir='ltr'><strong>se</strong></span> <span class='ocrx_word' id='word_1_107' title='bbox 909 1868 1160 1930; x_wconf 86' lang='lat' dir='ltr'><strong>consecdbrrum</strong></span> <span class='ocrx_word' id='word_1_108' title='bbox 1185 1861 1350 1949; x_wconf 82' lang='lat' dir='ltr'><strong>sperabat.</strong></span> 
     </span>
     <span class='ocr_line' id='line_1_16' title="bbox 200 1951 1351 2050; baseline -0.002 -23"><span class='ocrx_word' id='word_1_109' title='bbox 200 1951 207 1962; x_wconf 82' lang='lat'>&#39;</span> <span class='ocrx_word' id='word_1_110' title='bbox 258 1955 370 2042; x_wconf 80' lang='lat' dir='ltr'><strong>Quare</strong></span> <span class='ocrx_word' id='word_1_111' title='bbox 390 1963 506 2028; x_wconf 87' lang='lat' dir='ltr'><strong>iterum</strong></span> <span class='ocrx_word' id='word_1_112' title='bbox 526 1963 623 2028; x_wconf 90' lang='lat' dir='ltr'><strong>Arati</strong></span> <span class='ocrx_word' id='word_1_113' title='bbox 645 1961 791 2028; x_wconf 88' lang='lat' dir='ltr'><strong>consiliis</strong></span> <span class='ocrx_word' id='word_1_114' title='bbox 818 1961 1075 2050; x_wconf 74' lang='lat' dir='ltr'><strong>obtemperatum</strong></span> <span class='ocrx_word' id='word_1_115' title='bbox 1097 1963 1236 2048; x_wconf 90' lang='lat' dir='ltr'><strong>ipsaque</strong></span> <span class='ocrx_word' id='word_1_116' title='bbox 1266 1962 1351 2027; x_wconf 89' lang='lat' dir='ltr'><strong>intra</strong></span> 
     </span>
     <span class='ocr_line' id='line_1_17' title="bbox 259 2059 1270 2150; baseline -0.002 -23"><span class='ocrx_word' id='word_1_117' title='bbox 259 2059 423 2129; x_wconf 75' lang='lat' dir='ltr'><strong>Graeciae</strong></span> <span class='ocrx_word' id='word_1_118' title='bbox 443 2061 543 2149; x_wconf 89' lang='lat' dir='ltr'><strong>fines,</strong></span> <span class='ocrx_word' id='word_1_119' title='bbox 563 2067 600 2128; x_wconf 88' lang='lat' dir='ltr'><strong>ut</strong></span> <span class='ocrx_word' id='word_1_120' title='bbox 620 2063 667 2128; x_wconf 89' lang='lat' dir='ltr'><strong>ita</strong></span> <span class='ocrx_word' id='word_1_121' title='bbox 687 2060 844 2150; x_wconf 74' lang='lat' dir='ltr'><strong>dirotini,</strong></span> <span class='ocrx_word' id='word_1_122' title='bbox 865 2063 1029 2150; x_wconf 82' lang='lat' dir='ltr'><strong>pernicies</strong></span> <span class='ocrx_word' id='word_1_123' title='bbox 1049 2067 1186 2149; x_wconf 90' lang='lat' dir='ltr'><strong>recepta</strong></span> <span class='ocrx_word' id='word_1_124' title='bbox 1207 2065 1270 2126; x_wconf 89' lang='lat' dir='ltr'><strong>est.</strong></span> 
     </span>
    </p>
   </div>
   <div class='ocr_carea' id='block_1_5' title="bbox 196 2192 1352 3084">
    <p class='ocr_par' dir='ltr' id='par_1_5' title="bbox 196 2192 1352 3084">
     <span class='ocr_line' id='line_1_18' title="bbox 341 2192 1352 2286; baseline -0.004 -23"><span class='ocrx_word' id='word_1_125' title='bbox 341 2192 445 2276; x_wconf 78' lang='lat' dir='ltr'><strong>Quam</strong></span> <span class='ocrx_word' id='word_1_126' title='bbox 465 2197 563 2264; x_wconf 88' lang='lat' dir='ltr'><strong>Arati</strong></span> <span class='ocrx_word' id='word_1_127' title='bbox 583 2195 724 2265; x_wconf 89' lang='lat' dir='ltr'><strong>indolem</strong></span> <span class='ocrx_word' id='word_1_128' title='bbox 750 2215 847 2284; x_wconf 93' lang='lat' dir='ltr'><strong>quum</strong></span> <span class='ocrx_word' id='word_1_129' title='bbox 876 2202 1086 2286; x_wconf 88' lang='lat' dir='ltr'><strong>perspectam</strong></span> <span class='ocrx_word' id='word_1_130' title='bbox 1115 2214 1182 2263; x_wconf 90' lang='lat' dir='ltr'><strong>non</strong></span> <span class='ocrx_word' id='word_1_131' title='bbox 1213 2195 1352 2264; x_wconf 87' lang='lat' dir='ltr'><strong>haberet</strong></span> 
     </span>
     <span class='ocr_line' id='line_1_19' title="bbox 256 2293 1352 2386; baseline 0 -25"><span class='ocrx_word' id='word_1_132' title='bbox 256 2293 413 2382; x_wconf 87' lang='lat' dir='ltr'><strong>Polybius</strong></span> <span class='ocrx_word' id='word_1_133' title='bbox 434 2295 574 2382; x_wconf 88' lang='lat' dir='ltr'><strong>bellique</strong></span> <span class='ocrx_word' id='word_1_134' title='bbox 595 2297 728 2364; x_wconf 88' lang='lat' dir='ltr'><strong>socialis</strong></span> <span class='ocrx_word' id='word_1_135' title='bbox 755 2299 879 2386; x_wconf 91' lang='lat' dir='ltr'><strong>primas</strong></span> <span class='ocrx_word' id='word_1_136' title='bbox 907 2316 1046 2365; x_wconf 88' lang='lat' dir='ltr'><strong>caussas</strong></span> <span class='ocrx_word' id='word_1_137' title='bbox 1067 2315 1198 2384; x_wconf 88' lang='lat' dir='ltr'><strong>semper</strong></span> <span class='ocrx_word' id='word_1_138' title='bbox 1220 2297 1352 2384; x_wconf 85' lang='lat' dir='ltr'><strong>cogita-</strong></span> 
     </span>
     <span class='ocr_line' id='line_1_20' title="bbox 257 2393 1352 2484; baseline 0.001 -25"><span class='ocrx_word' id='word_1_139' title='bbox 257 2400 333 2482; x_wconf 89' lang='lat' dir='ltr'><strong>ret,</strong></span> <span class='ocrx_word' id='word_1_140' title='bbox 354 2413 436 2481; x_wconf 90' lang='lat' dir='ltr'><strong>quas</strong></span> <span class='ocrx_word' id='word_1_141' title='bbox 456 2402 630 2462; x_wconf 89' lang='lat' dir='ltr'><strong>moverunt</strong></span> <span class='ocrx_word' id='word_1_142' title='bbox 649 2395 780 2484; x_wconf 90' lang='lat' dir='ltr'><strong>Aetoli,</strong></span> <span class='ocrx_word' id='word_1_143' title='bbox 801 2397 941 2464; x_wconf 90' lang='lat' dir='ltr'><strong>Aetolos</strong></span> <span class='ocrx_word' id='word_1_144' title='bbox 962 2416 1043 2464; x_wconf 89' lang='lat' dir='ltr'><strong>vero</strong></span> <span class='ocrx_word' id='word_1_145' title='bbox 1065 2396 1107 2464; x_wconf 92' lang='lat' dir='ltr'><strong>ob</strong></span> <span class='ocrx_word' id='word_1_146' title='bbox 1120 2393 1153 2460; x_wconf 92' lang='lat' dir='ltr'><strong>id</strong></span> <span class='ocrx_word' id='word_1_147' title='bbox 1167 2397 1274 2483; x_wconf 89' lang='lat' dir='ltr'><strong>ipsmu</strong></span> <span class='ocrx_word' id='word_1_148' title='bbox 1287 2414 1352 2462; x_wconf 88' lang='lat' dir='ltr'><strong>non</strong></span> 
     </span>
     <span class='ocr_line' id='line_1_21' title="bbox 256 2493 1351 2563; baseline 0.002 -5"><span class='ocrx_word' id='word_1_149' title='bbox 256 2493 362 2559; x_wconf 87' lang='lat' dir='ltr'><strong>solum</strong></span> <span class='ocrx_word' id='word_1_150' title='bbox 385 2494 481 2561; x_wconf 89' lang='lat' dir='ltr'><strong>huius</strong></span> <span class='ocrx_word' id='word_1_151' title='bbox 498 2495 585 2561; x_wconf 61' lang='lat' dir='ltr'><strong>ibelli</strong></span> <span class='ocrx_word' id='word_1_152' title='bbox 614 2501 769 2561; x_wconf 85' lang='lat' dir='ltr'><strong>auctores</strong></span> <span class='ocrx_word' id='word_1_153' title='bbox 800 2493 861 2561; x_wconf 90' lang='lat' dir='ltr'><strong>sed</strong></span> <span class='ocrx_word' id='word_1_154' title='bbox 887 2499 1089 2563; x_wconf 89' lang='lat' dir='ltr'><strong>miseriarum</strong></span> <span class='ocrx_word' id='word_1_155' title='bbox 1116 2497 1216 2563; x_wconf 86' lang='lat' dir='ltr'><strong>etiam</strong></span> <span class='ocrx_word' id='word_1_156' title='bbox 1245 2496 1351 2562; x_wconf 88' lang='lat' dir='ltr'><strong>scrius</strong></span> 
     </span>
     <span class='ocr_line' id='line_1_22' title="bbox 226 2595 1351 2683; baseline 0.004 -25"><span class='ocrx_word' id='word_1_157' title='bbox 226 2613 229 2619; x_wconf 91' lang='lat'>·</span> <span class='ocrx_word' id='word_1_158' title='bbox 257 2599 508 2660; x_wconf 80' lang='lat' dir='ltr'><strong>consecutorum</strong></span> <span class='ocrx_word' id='word_1_159' title='bbox 528 2599 715 2681; x_wconf 87' lang='lat' dir='ltr'><strong>reputaret,</strong></span> <span class='ocrx_word' id='word_1_160' title='bbox 744 2595 815 2660; x_wconf 90' lang='lat' dir='ltr'><strong>irae</strong></span> <span class='ocrx_word' id='word_1_161' title='bbox 835 2614 916 2663; x_wconf 89' lang='lat' dir='ltr'><strong>suae</strong></span> <span class='ocrx_word' id='word_1_162' title='bbox 937 2597 971 2662; x_wconf 88' lang='lat' dir='ltr'><strong>in</strong></span> <span class='ocrx_word' id='word_1_163' title='bbox 987 2597 1131 2664; x_wconf 85' lang='lat' dir='ltr'><strong>Aetolos</strong></span> <span class='ocrx_word' id='word_1_164' title='bbox 1151 2596 1226 2683; x_wconf 92' lang='lat' dir='ltr'><strong>plus</strong></span> <span class='ocrx_word' id='word_1_165' title='bbox 1247 2613 1351 2681; x_wconf 89' lang='lat' dir='ltr'><strong>aequo</strong></span> 
     </span>
     <span class='ocr_line' id='line_1_23' title="bbox 255 2690 1352 2786; baseline 0.006 -30"><span class='ocrx_word' id='word_1_166' title='bbox 255 2690 434 2759; x_wconf 87' lang='lat' dir='ltr'><strong>indulsisse</strong></span> <span class='ocrx_word' id='word_1_167' title='bbox 454 2691 600 2780; x_wconf 88' lang='lat' dir='ltr'><strong>videtur,</strong></span> <span class='ocrx_word' id='word_1_168' title='bbox 621 2711 729 2780; x_wconf 89' lang='lat' dir='ltr'><strong>neque</strong></span> <span class='ocrx_word' id='word_1_169' title='bbox 756 2700 867 2763; x_wconf 89' lang='lat' dir='ltr'><strong>tamen</strong></span> <span class='ocrx_word' id='word_1_170' title='bbox 891 2693 1003 2764; x_wconf 92' lang='lat' dir='ltr'><strong>dedita</strong></span> <span class='ocrx_word' id='word_1_171' title='bbox 1030 2714 1143 2786; x_wconf 91' lang='lat' dir='ltr'><strong>opera·</strong></span> <span class='ocrx_word' id='word_1_172' title='bbox 1162 2714 1276 2763; x_wconf 91' lang='lat' dir='ltr'><strong>eorum</strong></span> <span class='ocrx_word' id='word_1_173' title='bbox 1303 2697 1352 2763; x_wconf 92' lang='lat' dir='ltr'><strong>hi-</strong></span> 
     </span>
     <span class='ocr_line' id='line_1_24' title="bbox 196 2791 1352 2884; baseline 0.003 -26"><span class='ocrx_word' id='word_1_174' title='bbox 196 2793 201 2802; x_wconf 85' lang='lat'>&#39;</span> <span class='ocrx_word' id='word_1_175' title='bbox 255 2793 391 2860; x_wconf 87' lang='lat' dir='ltr'><strong>storiam</strong></span> <span class='ocrx_word' id='word_1_176' title='bbox 416 2791 637 2882; x_wconf 83' lang='lat' dir='ltr'><strong>depravasse,</strong></span> <span class='ocrx_word' id='word_1_177' title='bbox 664 2795 861 2881; x_wconf 89' lang='lat' dir='ltr'><strong>praesertim</strong></span> <span class='ocrx_word' id='word_1_178' title='bbox 892 2813 988 2882; x_wconf 90' lang='lat' dir='ltr'><strong>quum</strong></span> <span class='ocrx_word' id='word_1_179' title='bbox 1014 2796 1141 2864; x_wconf 83' lang='lat' dir='ltr'><strong>vel-ex</strong></span> <span class='ocrx_word' id='word_1_180' title='bbox 1160 2795 1265 2884; x_wconf 89' lang='lat' dir='ltr'><strong>ipsius</strong></span> <span class='ocrx_word' id='word_1_181' title='bbox 1286 2795 1352 2862; x_wconf 89' lang='lat' dir='ltr'><strong>Po-</strong></span> 
     </span>
     <span class='ocr_line' id='line_1_25' title="bbox 255 2893 1352 3008; baseline 0.002 -50"><span class='ocrx_word' id='word_1_182' title='bbox 255 2893 334 3008; x_wconf 82' lang='lat' dir='ltr'><strong>lybii</strong></span> <span class='ocrx_word' id='word_1_183' title='bbox 354 2894 485 2980; x_wconf 85' lang='lat' dir='ltr'><strong>scriptis</strong></span> <span class='ocrx_word' id='word_1_184' title='bbox 505 2909 589 2960; x_wconf 89' lang='lat' dir='ltr'><strong>vera</strong></span> <span class='ocrx_word' id='word_1_185' title='bbox 609 2911 718 2960; x_wconf 91' lang='lat' dir='ltr'><strong>rerum</strong></span> <span class='ocrx_word' id='word_1_186' title='bbox 737 2901 805 2962; x_wconf 88' lang='lat' dir='ltr'><strong>tum</strong></span> <span class='ocrx_word' id='word_1_187' title='bbox 833 2895 1063 2985; x_wconf 88' lang='lat' dir='ltr'><strong>dispositarum</strong></span> <span class='ocrx_word' id='word_1_188' title='bbox 1092 2897 1202 2986; x_wconf 80' lang='lat' dir='ltr'><strong>imago</strong></span> <span class='ocrx_word' id='word_1_189' title='bbox 1223 2897 1352 2983; x_wconf 87' lang='lat' dir='ltr'><strong>concipi</strong></span> 
     </span>
     <span class='ocr_line' id='line_1_26' title="bbox 255 2995 832 3084; baseline 0.005 -24"><span class='ocrx_word' id='word_1_190' title='bbox 255 2995 363 3061; x_wconf 89' lang='lat' dir='ltr'><strong>animo</strong></span> <span class='ocrx_word' id='word_1_191' title='bbox 383 2999 481 3081; x_wconf 86' lang='lat' dir='ltr'><strong>atque</strong></span> <span class='ocrx_word' id='word_1_192' title='bbox 502 2995 697 3063; x_wconf 80' lang='lat' dir='ltr'><strong>conformari</strong></span> <span class='ocrx_word' id='word_1_193' title='bbox 717 2997 832 3084; x_wconf 90' lang='lat' dir='ltr'><strong>possit</strong></span> 
     </span>
    </p>
   </div>
   <div class='ocr_carea' id='block_1_6' title="bbox 330 3121 1351 3222">
    <p class='ocr_par' dir='ltr' id='par_1_6' title="bbox 330 3121 1351 3222">
     <span class='ocr_line' id='line_1_27' title="bbox 330 3121 1351 3222; baseline 0.009 -31.107"><span class='ocrx_word' id='word_1_194' title='bbox 330 3121 449 3206; x_wconf 75' lang='lat' dir='ltr'><strong>Quae</strong></span> <span class='ocrx_word' id='word_1_195' title='bbox 457 3145 553 3214; x_wconf 92' lang='lat' dir='ltr'><strong>quum</strong></span> <span class='ocrx_word' id='word_1_196' title='bbox 573 3129 621 3199; x_wconf 87' lang='lat' dir='ltr'><strong>ita</strong></span> <span class='ocrx_word' id='word_1_197' title='bbox 642 3136 759 3198; x_wconf 89' lang='lat' dir='ltr'><strong>essent</strong></span> <span class='ocrx_word' id='word_1_198' title='bbox 771 3130 1105 3200; x_wconf 85' lang='lat' dir='ltr'><strong>Lacedaemoniorum</strong></span> <span class='ocrx_word' id='word_1_199' title='bbox 1118 3133 1260 3222; x_wconf 84' lang='lat' dir='ltr'><strong>legatos</strong></span> <span class='ocrx_word' id='word_1_200' title='bbox 1267 3134 1351 3200; x_wconf 89' lang='lat' dir='ltr'><strong>clam</strong></span> 
     </span>
    </p>
   </div>
   <div class='ocr_carea' id='block_1_7' title="bbox 138 3221 1353 3346">
    <p class='ocr_par' dir='ltr' id='par_1_7' title="bbox 138 3221 1353 3346">
     <span class='ocr_line' id='line_1_28' title="bbox 138 3221 1353 3346; baseline 0.012 -58"><span class='ocrx_word' id='word_1_201' title='bbox 138 3293 139 3298; x_wconf 54' lang='grc'>,</span> <span class='ocrx_word' id='word_1_202' title='bbox 255 3221 299 3290; x_wconf 82' lang='lat' dir='ltr'><strong>ad</strong></span> <span class='ocrx_word' id='word_1_203' title='bbox 319 3243 358 3291; x_wconf 88' lang='lat' dir='ltr'><strong>se</strong></span> <span class='ocrx_word' id='word_1_204' title='bbox 386 3226 508 3294; x_wconf 75' lang='lat' dir='ltr'><strong>misem</strong></span> <span class='ocrx_word' id='word_1_205' title='bbox 534 3228 645 3296; x_wconf 91' lang='lat' dir='ltr'><strong>Aetoli</strong></span> <span class='ocrx_word' id='word_1_206' title='bbox 672 3231 828 3318; x_wconf 83' lang='lat' dir='ltr'><strong>benigne</strong></span> <span class='ocrx_word' id='word_1_207' title='bbox 844 3238 1042 3346; x_wconf 79' lang='lat' dir='ltr'><strong>receperunt</strong></span> <span class='ocrx_word' id='word_1_208' title='bbox 1071 3239 1169 3319; x_wconf 89' lang='lat' dir='ltr'><strong>atque</strong></span> <span class='ocrx_word' id='word_1_209' title='bbox 1194 3251 1353 3301; x_wconf 89' lang='lat' dir='ltr'><strong>arcanum</strong></span> 
     </span>
    </p>
   </div>
   <div class='ocr_carea' id='block_1_8' title="bbox 254 3325 1352 3552">
    <p class='ocr_par' dir='ltr' id='par_1_8' title="bbox 254 3325 1352 3552">
     <span class='ocr_line' id='line_1_29' title="bbox 254 3325 1352 3423; baseline 0.006 -31"><span class='ocrx_word' id='word_1_210' title='bbox 254 3325 417 3392; x_wconf 81' lang='lat' dir='ltr'><strong>amicitiae</strong></span> <span class='ocrx_word' id='word_1_211' title='bbox 431 3327 662 3416; x_wconf 76' lang='lat' dir='ltr'><strong>societatisque</strong></span> <span class='ocrx_word' id='word_1_212' title='bbox 674 3328 789 3398; x_wconf 84' lang='lat' dir='ltr'><strong>foedus</strong></span> <span class='ocrx_word' id='word_1_213' title='bbox 804 3348 876 3399; x_wconf 90' lang='lat' dir='ltr'><strong>cum</strong></span> <span class='ocrx_word' id='word_1_214' title='bbox 894 3333 935 3420; x_wconf 87' lang='lat' dir='ltr'><strong>iis</strong></span> <span class='ocrx_word' id='word_1_215' title='bbox 953 3331 1152 3420; x_wconf 82' lang='lat' dir='ltr'><strong>pepigerunt</strong></span> <span class='ocrx_word' id='word_1_216' title='bbox 1172 3333 1216 3417; x_wconf 92' lang='lat' dir='ltr'><strong>(c.</strong></span> <span class='ocrx_word' id='word_1_217' title='bbox 1229 3335 1352 3423; x_wconf 79' lang='lat'><strong>24,8.).</strong></span> 
     </span>
     <span class='ocr_line' id='line_1_30' title="bbox 337 3455 1352 3552; baseline 0.007 -26"><span class='ocrx_word' id='word_1_218' title='bbox 337 3455 504 3550; x_wconf 81' lang='lat' dir='ltr'><strong>Spartae,</strong></span> <span class='ocrx_word' id='word_1_219' title='bbox 526 3461 581 3530; x_wconf 90' lang='lat' dir='ltr'><strong>ubi</strong></span> <span class='ocrx_word' id='word_1_220' title='bbox 600 3469 677 3552; x_wconf 89' lang='lat' dir='ltr'><strong>post</strong></span> <span class='ocrx_word' id='word_1_221' title='bbox 698 3461 884 3532; x_wconf 74' lang='lat' dir='ltr'><strong>Cleomenis</strong></span> <span class='ocrx_word' id='word_1_222' title='bbox 915 3461 1110 3536; x_wconf 88' lang='lat' dir='ltr'><strong>discessum</strong></span> <span class='ocrx_word' id='word_1_223' title='bbox 1126 3465 1237 3532; x_wconf 88' lang='lat' dir='ltr'><strong>nullus</strong></span> <span class='ocrx_word' id='word_1_224' title='bbox 1252 3477 1255 3489; x_wconf 90' lang='lat'><em>·</em></span> <span class='ocrx_word' id='word_1_225' title='bbox 1268 3483 1352 3533; x_wconf 85' lang='lat' dir='ltr'><strong>con-</strong></span> 
     </span>
    </p>
   </div>
   <div class='ocr_carea' id='block_1_9' title="bbox 40 3543 1351 3654">
    <p class='ocr_par' dir='ltr' id='par_1_9' title="bbox 40 3543 1351 3654">
     <span class='ocr_line' id='line_1_31' title="bbox 40 3543 1351 3654; baseline 0.002 -25"><span class='ocrx_word' id='word_1_226' title='bbox 40 3543 47 3564; x_wconf 85' lang='lat'>&#39;</span> <span class='ocrx_word' id='word_1_227' title='bbox 118 3628 125 3641; x_wconf 36' lang='lat' dir='ltr'><strong><em>s</em></strong></span> <span class='ocrx_word' id='word_1_228' title='bbox 254 3559 388 3627; x_wconf 80' lang='lat' dir='ltr'><strong>stitums</strong></span> <span class='ocrx_word' id='word_1_229' title='bbox 409 3568 483 3629; x_wconf 86' lang='lat' dir='ltr'><strong>erat</strong></span> <span class='ocrx_word' id='word_1_230' title='bbox 502 3582 584 3651; x_wconf 80' lang='lat' dir='ltr'><strong>rex,</strong></span> <span class='ocrx_word' id='word_1_231' title='bbox 605 3565 763 3634; x_wconf 35' lang='lat' dir='ltr'><strong>*restituta</strong></span> <span class='ocrx_word' id='word_1_232' title='bbox 790 3565 998 3652; x_wconf 80' lang='lat' dir='ltr'><strong>Ephoromm</strong></span> <span class='ocrx_word' id='word_1_233' title='bbox 1022 3571 1205 3654; x_wconf 87' lang='lat' dir='ltr'><strong>potestate,</strong></span> <span class='ocrx_word' id='word_1_234' title='bbox 1235 3569 1351 3654; x_wconf 87' lang='lat' dir='ltr'><strong>perui-</strong></span> 
     </span>
    </p>
   </div>
   <div class='ocr_carea' id='block_1_10' title="bbox 253 3654 1351 3849">
    <p class='ocr_par' dir='ltr' id='par_1_10' title="bbox 253 3654 1351 3849">
     <span class='ocr_line' id='line_1_32' title="bbox 254 3654 1351 3733; baseline 0.009 -11"><span class='ocrx_word' id='word_1_235' title='bbox 254 3658 336 3724; x_wconf 88' lang='lat' dir='ltr'><strong>ciosi</strong></span> <span class='ocrx_word' id='word_1_236' title='bbox 356 3661 464 3726; x_wconf 90' lang='lat' dir='ltr'><strong>denuo</strong></span> <span class='ocrx_word' id='word_1_237' title='bbox 484 3654 766 3728; x_wconf 80' lang='lat' dir='ltr'><strong>infestissimorum</strong></span> <span class='ocrx_word' id='word_1_238' title='bbox 786 3663 849 3729; x_wconf 87' lang='lat' dir='ltr'><strong>sibi</strong></span> <span class='ocrx_word' id='word_1_239' title='bbox 878 3663 1053 3732; x_wconf 83' lang='lat' dir='ltr'><strong>factionum</strong></span> <span class='ocrx_word' id='word_1_240' title='bbox 1074 3671 1279 3733; x_wconf 81' lang='lat' dir='ltr'><strong>conatusac</strong></span> <span class='ocrx_word' id='word_1_241' title='bbox 1295 3671 1351 3732; x_wconf 88' lang='lat' dir='ltr'><strong>tu-</strong></span> 
     </span>
     <span class='ocr_line' id='line_1_33' title="bbox 253 3753 1351 3849; baseline 0.01 -28"><span class='ocrx_word' id='word_1_242' title='bbox 253 3753 373 3822; x_wconf 83' lang='lat' dir='ltr'><strong>multus</strong></span> <span class='ocrx_word' id='word_1_243' title='bbox 394 3760 507 3848; x_wconf 70' lang='lat' dir='ltr'><strong>exorti</strong></span> <span class='ocrx_word' id='word_1_244' title='bbox 522 3765 634 3849; x_wconf 86' lang='lat' dir='ltr'><strong>erant,</strong></span> <span class='ocrx_word' id='word_1_245' title='bbox 655 3761 761 3828; x_wconf 87' lang='lat' dir='ltr'><strong>altera</strong></span> <span class='ocrx_word' id='word_1_246' title='bbox 781 3763 896 3830; x_wconf 90' lang='lat' dir='ltr'><strong>harum</strong></span> <span class='ocrx_word' id='word_1_247' title='bbox 917 3765 1099 3832; x_wconf 81' lang='lat' dir='ltr'><strong>lactionum</strong></span> <span class='ocrx_word' id='word_1_248' title='bbox 1119 3762 1162 3830; x_wconf 92' lang='lat' dir='ltr'><strong>ad</strong></span> <span class='ocrx_word' id='word_1_249' title='bbox 1191 3763 1351 3832; x_wconf 84' lang='lat' dir='ltr'><strong>Aclraeo-</strong></span> 
     </span>
    </p>
   </div>
   <div class='ocr_carea' id='block_1_11' title="bbox 143 3853 1350 3950">
    <p class='ocr_par' dir='ltr' id='par_1_11' title="bbox 143 3853 1350 3950">
     <span class='ocr_line' id='line_1_34' title="bbox 143 3853 1350 3950; baseline 0.016 -39"><span class='ocrx_word' id='word_1_250' title='bbox 143 3903 145 3911; x_wconf 93' lang='lat'><em>.</em></span> <span class='ocrx_word' id='word_1_251' title='bbox 254 3871 343 3940; x_wconf 92' lang='lat' dir='ltr'><strong>rum,</strong></span> <span class='ocrx_word' id='word_1_252' title='bbox 375 3853 419 3920; x_wconf 89' lang='lat' dir='ltr'><strong>ad</strong></span> <span class='ocrx_word' id='word_1_253' title='bbox 439 3857 632 3925; x_wconf 87' lang='lat' dir='ltr'><strong>Aetolorum</strong></span> <span class='ocrx_word' id='word_1_254' title='bbox 652 3865 767 3948; x_wconf 89' lang='lat' dir='ltr'><strong>partes</strong></span> <span class='ocrx_word' id='word_1_255' title='bbox 788 3861 895 3928; x_wconf 90' lang='lat' dir='ltr'><strong>altera</strong></span> <span class='ocrx_word' id='word_1_256' title='bbox 915 3861 1031 3931; x_wconf 78' lang='lat' dir='ltr'><strong>rursus</strong></span> <span class='ocrx_word' id='word_1_257' title='bbox 1050 3865 1211 3933; x_wconf 83' lang='lat' dir='ltr'><strong>incllnata</strong></span> <span class='ocrx_word' id='word_1_258' title='bbox 1231 3869 1277 3948; x_wconf 83' lang='lat' dir='ltr'><strong>(a</strong></span> <span class='ocrx_word' id='word_1_259' title='bbox 1297 3867 1350 3950; x_wconf 82' lang='grc'><strong>22,</strong></span> 
     </span>
    </p>
   </div>
   <div class='ocr_carea' id='block_1_12' title="bbox 167 3953 1350 4349">
    <p class='ocr_par' dir='ltr' id='par_1_12' title="bbox 167 3953 1350 4349">
     <span class='ocr_line' id='line_1_35' title="bbox 167 3953 1350 4048; baseline 0.014 -33"><span class='ocrx_word' id='word_1_260' title='bbox 167 4031 169 4044; x_wconf 85' lang='lat'><em>.</em></span> <span class='ocrx_word' id='word_1_261' title='bbox 245 3953 285 4017; x_wconf 75' lang='lat' dir='ltr'><strong>b.</strong></span> <span class='ocrx_word' id='word_1_262' title='bbox 305 3953 417 4020; x_wconf 80' lang='lat' dir='ltr'><strong>Lucas</strong></span> <span class='ocrx_word' id='word_1_263' title='bbox 438 3956 541 4044; x_wconf 81' lang='lat' dir='ltr'><strong>igitur</strong></span> <span class='ocrx_word' id='word_1_264' title='bbox 561 3959 725 4026; x_wconf 85' lang='lat' dir='ltr'><strong>falliturl.</strong></span> <span class='ocrx_word' id='word_1_265' title='bbox 747 3978 776 4028; x_wconf 91' lang='lat' dir='ltr'><strong>c</strong></span> <span class='ocrx_word' id='word_1_266' title='bbox 804 3983 851 4048; x_wconf 92' lang='lat' dir='ltr'><strong>p.</strong></span> <span class='ocrx_word' id='word_1_267' title='bbox 848 3966 959 4046; x_wconf 50' lang='lat' dir='ltr'><strong>taor.)</strong></span> <span class='ocrx_word' id='word_1_268' title='bbox 1000 3963 1098 4031; x_wconf 85' lang='lat' dir='ltr'><strong>Hanc</strong></span> <span class='ocrx_word' id='word_1_269' title='bbox 1128 3965 1171 4032; x_wconf 89' lang='lat' dir='ltr'><strong>ob</strong></span> <span class='ocrx_word' id='word_1_270' title='bbox 1192 3971 1350 4032; x_wconf 78' lang='lat' dir='ltr'><strong>veterem</strong></span> 
     </span>
     <span class='ocr_line' id='line_1_36' title="bbox 254 4051 1349 4148; baseline 0.01 -31"><span class='ocrx_word' id='word_1_271' title='bbox 254 4051 526 4123; x_wconf 82' lang='lat' dir='ltr'><strong>obtrectationem</strong></span> <span class='ocrx_word' id='word_1_272' title='bbox 544 4065 643 4144; x_wconf 86' lang='lat' dir='ltr'><strong>atque</strong></span> <span class='ocrx_word' id='word_1_273' title='bbox 658 4059 856 4128; x_wconf 88' lang='lat' dir='ltr'><strong>inimicitiam</strong></span> <span class='ocrx_word' id='word_1_274' title='bbox 869 4079 1033 4148; x_wconf 85' lang='lat' dir='ltr'><strong>nunquam</strong></span> <span class='ocrx_word' id='word_1_275' title='bbox 1048 4061 1187 4134; x_wconf 87' lang='lat' dir='ltr'><strong>candide</strong></span> <span class='ocrx_word' id='word_1_276' title='bbox 1201 4063 1349 4130; x_wconf 87' lang='lat' dir='ltr'><strong>Achaeis</strong></span> 
     </span>
     <span class='ocr_line' id='line_1_37' title="bbox 254 4135 1349 4249; baseline 0.012 -34"><span class='ocrx_word' id='word_1_277' title='bbox 254 4135 420 4240; x_wconf 87' lang='lat' dir='ltr'><strong>deditam,</strong></span> <span class='ocrx_word' id='word_1_278' title='bbox 451 4153 511 4222; x_wconf 89' lang='lat' dir='ltr'><strong>scd</strong></span> <span class='ocrx_word' id='word_1_279' title='bbox 532 4175 664 4244; x_wconf 87' lang='lat' dir='ltr'><strong>semper</strong></span> <span class='ocrx_word' id='word_1_280' title='bbox 693 4160 879 4249; x_wconf 83' lang='lat' dir='ltr'><strong>ambiguam</strong></span> <span class='ocrx_word' id='word_1_281' title='bbox 900 4162 1047 4247; x_wconf 85' lang='lat' dir='ltr'><strong>sociam,</strong></span> <span class='ocrx_word' id='word_1_282' title='bbox 1077 4163 1187 4248; x_wconf 86' lang='lat' dir='ltr'><strong>palam</strong></span> <span class='ocrx_word' id='word_1_283' title='bbox 1221 4159 1349 4247; x_wconf 90' lang='lat' dir='ltr'><strong>quidem</strong></span> 
     </span>
     <span class='ocr_line' id='line_1_38' title="bbox 255 4253 1348 4349; baseline 0.009 -32"><span class='ocrx_word' id='word_1_284' title='bbox 255 4268 327 4320; x_wconf 90' lang='lat' dir='ltr'><strong>cum</strong></span> <span class='ocrx_word' id='word_1_285' title='bbox 338 4253 485 4326; x_wconf 80' lang='lat' dir='ltr'><strong>Achaeis</strong></span> <span class='ocrx_word' id='word_1_286' title='bbox 496 4263 614 4347; x_wconf 90' lang='lat' dir='ltr'><strong>stare,</strong></span> <span class='ocrx_word' id='word_1_287' title='bbox 621 4259 759 4328; x_wconf 88' lang='lat' dir='ltr'><strong>occulto</strong></span> <span class='ocrx_word' id='word_1_288' title='bbox 771 4268 880 4328; x_wconf 71' lang='lat' dir='ltr'><strong>comm</strong></span> <span class='ocrx_word' id='word_1_289' title='bbox 893 4261 1100 4330; x_wconf 87' lang='lat' dir='ltr'><strong>Aetolorum</strong></span> <span class='ocrx_word' id='word_1_290' title='bbox 1108 4261 1210 4328; x_wconf 89' lang='lat' dir='ltr'><strong>rebus</strong></span> <span class='ocrx_word' id='word_1_291' title='bbox 1222 4259 1348 4349; x_wconf 83' lang='lat' dir='ltr'><strong>favere,</strong></span> 
     </span>
    </p>
   </div>
   <div class='ocr_carea' id='block_1_13' title="bbox 0 0 1426 4952">
    <p class='ocr_par' dir='ltr' id='par_1_13' title="bbox 0 0 1426 4952">
     <span class='ocr_line' id='line_1_39' title="bbox 0 0 1426 4952; baseline 0 1"><span class='ocrx_word' id='word_1_292' title='bbox 0 0 1426 4952; x_wconf 95' lang='lat' dir='ltr'><strong> </strong></span> 
     </span>
    </p>
   </div>
  </div>
 </body>
</html>
