2842 4950
509 336 681 418 -2t5
734 379 779 396 -

95 492 209 586 hueas
230 515 254 580 l.
276 531 305 581 c.
322 507 357 601 p.
378 514 449 582 121.
469 515 514 582 N.
535 509 589 608 1.)
629 515 667 584 P.
694 513 909 607 Sempronius
932 537 1017 610 pace
1036 521 1125 592 scu
1145 521 1189 592 ad

96 616 305 686 consulatum
324 615 461 686 Romam
480 613 636 686 decessit.

277 901 280 916 .
614 895 624 915 .
643 850 696 915 ²².
898 861 900 869 '

259 945 371 1034 Nabis.
396 1001 438 1016 -
480 844 731 1055 Philopffcmcm's
747 977 901 1056 practmu
920 979 1025 1058 tutia

172 1114 288 1182 Nubis
319 1105 538 1185 Machanidae
569 1115 773 1204 tyrannidis
791 1118 878 1206 apud
906 1120 1186 1194 Lacedaemonios

92 1233 291 1304 successor,
319 1217 372 1303 qui
392 1217 523 1284 tertium
541 1217 605 1284 iam
621 1235 745 1286 annum
764 1237 874 1286 rerum
893 1223 1079 1312 potiebatur
1099 1227 1186 1310 (im-

91 1319 181 1404 perio
214 1325 338 1386 autem·
358 1317 480 1404 potitus
509 1322 583 1386 erat
607 1317 720 1390 ¹ferme
754 1319 883 1386 biennio
914 1328 990 1408 post
1023 1324 1186 1400 sublatum

92 1416 346 1504 Machanidam,
365 1434 481 1484 mense
497 1417 601 1506 igitur
613 1419 785 1507 Ianuario,
804 1422 838 1488 ιιι·
852 1421 967 1509 fallor,
987 1419 1051 1488 2⁰4
1064 1441 1094 1489 a.
1107 1423 1184 1492 (ihr.

92 1515 139 1584 Cf.
159 1519 282 1606 Polyb.
304 1517 407 1606 xlii,
431 1521 463 1582 o.
489 1536 562 1606 sqq.
603 1519 713 1608 XVI,
736 1523 786 1586 18.
827 1519 923 1590 Diod.
952 1521 1020 1592 Sic.
1049 1524 1184 1614 Fragm.

90 1617 143 1684 lib.
184 1614 340 1684 XXVII.
401 1619 562 1707 Excerpt.
603 1618 712 1692 Vatia.
753 1623 877 1712 Angel.
918 1621 996 1694 Mai.
1037 1625 1091 1710 ll,
1132 1628 1184 1688 61.
1230 1659 1234 1668 -

89 1716 187 1785 Pam.
214 1717 324 1808 VIII,
349 1719 381 1784 la
421 1717 564 1792 Schorn.
592 1721 615 1786 l.
643 1739 673 1788 c.
702 1743 734 1811 p.
765 1725 838 1788 2⁰2.
868 1724 912 1790 N.
944 1726 1008 1792 iam
1035 1723 1111 1792 inde
1139 1725 1183 1794 ab

90 1835 176 1886 anne
204 1822 272 1886 Μ
301 1817 373 1914 (sic
402 1838 462 1907 pro
491 1822 555 1890 214
584 1837 637 1908 ap.
663 1822 789 1890 Lucam
813 1846 845 1910 p.
867 1827 938 1888 12⁰.
958 1824 1002 1890 N.
1022 1828 1054 1890 8.
1076 1827 1182 1892 corri-

89 1917 262 2012 gendum)
283 1919 403 1988 bellum
429 1937 502 1988 cum
521 1918 708 1988 Arcadibus
728 1923 854 2012 gessit3
881 1922 984 2010 hacc,
1003 1921 1046 1989 de
1067 1925 1183 2010 quibus

89 2039 149 2086 nos
170 2021 322 2109 agimus,
350 2018 498 2090 incidunt
525 2021 561 2088 in
587 2037 707 2088 annum
733 2023 794 2086 201
821 2039 851 2086 a
873 2017 992 2112 Cha),
1021 2023 1099 2092 mhil
1126 2023 1183 2090 ille

34 2139 37 2152 ¹
90 2117 220 2204 quidem
248 2121 382 2187 maioris
410 2120 462 2186 rei
488 2118 634 2208 aggredi
668 2119 725 2188 vel
758 2119 864 2187 moliri
898 2118 1062 2208 audebat,
1097 2120 1183 2206 quod

88 2237 210 2288 recens
232 2217 341 2288 adhuc
361 2223 454 2287 esset
472 2221 628 2288 memoria
647 2217 769 2288 devicti
795 2220 839 2286 ah
867 2219 1014 2288 Achaeis
1040 2219 1182 2304 Macha-

89 2318 208 2408 nidas,
241 2317 304 2387 scd
329 2337 505 2388 mansurae
533 2317 653 2388 diutins
679 2337 722 2386 ac
749 2318 852 2390 durae
877 2317 1062 2407 tyrannidis
1087 2322 1181 2410 prin-

88 2419 174 2507 cipia
209 2418 355 2506 ponebat
384 2419 589 2508 iniciebatque
605 2419 838 2500 'fundamenta
895 2421 1066 2509 Reliquias
1086 2420 1182 2489 'enim

88 2520 231 2586 nominis
252 2515 411 2607 Spartani
430 2519 574 2590 funditus
593 2518 727 2589 delebat
746 2539 887 2610 eosque,
915 2523 969 2610 qui
989 2523 1104 2612 opibus
1124 2529 1182 2590 aut
1296 2557 1299 2563 ·

89 2619 198 2707 gloria
219 2617 376 2688 maiorum
396 2622 518 2692 ceteris
539 2623 770 2711 praestabant,
797 2625 901 2692 solum
921 2628 1054 2692 vertere
1075 2640 1182 2711 coge-

90 2717 145 2786 bat
170 2721 353 2808 horumque
378 2722 528 2812 fortunas
552 2729 587 2789 et
615 2739 738 2790 uxores
757 2723 815 2809 iis,
838 2723 900 2809 'qui
924 2724 1011 2790 inter
1036 2721 1180 2807 reliquos

93 2821 293 2909 eminebant,
320 2827 373 2897 „et
402 2819 606 2889 mercenario
639 2821 732 2890 militi
757 2820 932 2890 dividebat.
983 2818 1181 2914 (Nonnullis

89 2923 198 2989 tamen
219 2923 350 2991 exulum
369 2922 482 2990 rueris
502 2921 558 2989 vel
571 2921 759 3009 propinquis
771 2926 898 3010 partem
913 2939 1070 3010 agrorum
1082 2921 1179 2988 attri-

92 3019 202 3090 buisse
224 3041 299 3090 eum
316 3027 459 3090 testatur
478 3022 631 3110 Polybius
652 3019 779 3110 XXV,
797 3015 852 3113 8.]
891 3022 935 3088 lli
956 3027 1066 3102 autem
1083 3027 1180 3089 erant

90 3119 290 3214 homicidae,
328 3117 541 3210 effractores,
581 3120 768 3211 praedones
796 3122 969 3210 nocturni,
1014 3141 1178 3190 murorum

92 3225 277 3291 effossores
327 3225 417 3290 Nam
449 3225 514 3291 hoc
541 3221 703 3298 duntaxat
732 3240 843 3312 genus
872 3223 1036 3302 hominum
1062 3219 1177 3286 sedulo

92 3317 194 3391 Nabis
225 3329 297 3392 tcto
322 3323 463 3410 undique
493 3341 537 3390 ex
563 3324 642 3390 orbe
667 3328 832 3390 terrarum
851 3321 895 3389 ad
915 3340 954 3389 se
974 3321 1177 3388 arcessebat.

93 3416 190 3490 cives
216 3441 300 3507 vero
320 3424 505 3491 inexilium
532 3419 659 3510 pellere
683 3441 750 3489 non
779 3425 953 3498 contentus
981 3417 1020 3512 id
1044 3435 1178 3504 operam

94 3515 209 3611 dabat,
230 3542 275 3590 ne
296 3523 368 3609 quis
388 3521 536 3588 exulibus
555 3521 649 3588 locus
669 3526 762 3590 esset
780 3525 888 3607 tutus,
917 3537 962 3586 ne
981 3519 1079 3584 ullum
1099 3535 1178 3604 per-

92 3616 212 3706 fugium
233 3640 394 3690 securum.
434 3621 591 3688 Machina
610 3623 726 3709 eham,
755 3637 851 3707 quam
871 3618 1095 3708 excogitatam
1115 3617 1178 3682 sihi

97 3720 346 3790 construendam
366 3726 551 3809 curaverat,
574 3721 693 3790 multos
714 3738 826 3789 eorum
836 3719 987 3805 sustulit,
1009 3717 1063 3804 qui
1075 3735 1177 3804 pecu-

94 3817 163 3885 nias
182 3820 264 3890 dare
283 3826 531 3892 recusaverant.
745 3905 748 3916 .

171 3919 311 4008 Reliqua
347 3939 428 3988 voro
463 3925 559 3988 crant
587 3921 622 3988 in
650 3923 722 3988 eius
750 3919 883 4008 imperio
912 3918 964 3986 his
990 3917 1107 3984 similia
1135 3934 1177 3984 ac

96 4027 321 4088 consentanea.
362 4019 597 4086 Maritimamm
618 4022 702 4088 enim
721 4018 966 4110 praedationum
985 4019 1177 4085 societatem

98 4127 165 4182 omn
189 4117 402 4188 Cretensibus
430 4119 549 4188 inierat
576 4116 639 4213 [cl.
660 4119 732 4186 liv.
754 4117 913 4186 xxxiv
921 4163 932 4206 ,
951 4111 1026 4206 dh)
1055 4131 1096 4180 ac
1115 4132 1177 4200 per

90 4215 279 4290 vulcanum
298 4221 560 4310 Peloponnesum
583 4218 786 4310 sacrilegos,
812 4218 960 4288 latrones
983 4220 1018 4285 et
1037 4211 1177 4282 sicarios
