2864 4960
699 323 1016 403 -ttc-'

291 516 444 591 tit-Arati
464 521 643 588 sollertiam
663 517 697 584 in
717 513 933 611 molitiohims
952 517 1107 605 occultis,
1128 515 1220 606 dotis,
1239 522 1271 585 et
1287 520 1353 586 insi·

262 634 266 640 ·
288 621 351 694 diis
372 621 459 688 hosti
479 615 646 686 struendis
664 623 765 704 atquc
775 617 983 685 tolerantiam
996 603 1206 684 demonstret.
1223 611 1288 710 (cf.
1298 617 1353 682 hu·
1398 624 1399 698 t

288 739 347 788 cas
368 722 389 786 l.
411 738 440 786 c.
461 742 492 807 p
512 721 564 782 84.
1398 715 1399 732 ³

263 907 264 910 Ἴ
369 817 507 885 Gestum
527 713 587 884 esd
601 815 665 884 hoc
685 814 805 882 acuon
825 835 903 903 non,
924 820 960 882 ut
978 811 1183 881 Dodwellins
1200 809 1352 905 (inCyclis

287 942 319 1007 p.
340 915 436 1009 223.)
456 917 577 1004 voluit,
599 914 710 982 adulto
731 916 862 1004 paulum
882 914 1041 982 Demetrii
1048 911 1239 1008 Macedonis
1258 933 1354 1002 regno,
1399 930 1400 1006 t

247 1097 249 1102 ,
284 1017 366 1106 sed,
396 1018 471 1102 quia
499 1021 617 1082 contra
644 1015 729 1082 itlius
759 1015 938 1102 potentiam
969 1013 1100 1081 Achaei
1127 1014 1355 1098 Aetolique,nt
1399 1009 1400 1044 ¹

284 1137 361 1185 mox
381 1117 543 1202 narrabo,
563 1111 679 1181 foedus
699 1115 858 1202 inierunt,
879 1117 1063 1208 andumno,
1084 1127 1193 1180 messe
1212 1113 1272 1177 iam
1290 1128 1354 1176 con-

206 1235 208 1242 ’
286 1221 389 1284 vecta
409 1215 452 1284 ab
473 1213 644 1304 agricolis,
661 1208 717 1282 01.
739 1215 811 1304 1³6,
832 1217 862 1280 1.
882 1213 1075 1282 Assentitur
1095 1208 1273 1280 Schornius
1289 1207 1354 1304 (tc.

282 1339 314 1405 ρ.
334 1309 418 1406 sep.
553 1371 561 1383 ,

707 1495 712 1503 .
773 1427 807 1522 s.
834 1434 887 1506 cs.

281 1524 461 1638 Antigomoe
492 1554 632 1617 Gcnotao
662 1557 802 1616 moritur.
842 1551 1025 1616 Deanetrtito
1044 1551 1092 1614 II.
1104 1551 1151 1634 fit
1170 1548 1353 1612 Macedonum
1401 1542 1402 1636 t

323 1670 392 1716 ree.
423 1651 564 1718 Societas
583 1652 785 1716 Achaeorum
806 1673 878 1715 mem
897 1651 1029 1716 Aetolia.
1065 1652 1165 1715 Arati
1182 1650 1279 1714 altore
1297 1655 1323 1709 ot
1401 1665 1402 1676 ¹

581 1757 678 1816 tertia
699 1756 733 1816 ia
752 1753 895 1816 Atticam
916 1751 1083 1837 expeditio.
1190 1777 1193 1780 ·

356 1892 535 1981 Antigono
555 1891 709 1960 Gonatae
729 1893 960 1981 octogenario,
982 1894 1313 1980 postquamqnattuor
1329 1891 1353 1952 et

280 1989 503 2080 quadraginta
517 2010 642 2080 annos,
663 1991 718 2079 qni
738 2010 760 2058 a
780 1995 887 2081 patris
898 1989 1058 2060 Demetrii
1072 1997 1188 2079 morte,
1201 1991 1270 2081 282,
1283 2005 1353 2053 con·

278 2096 446 2178 putantur,
467 2097 659 2181 regnasset,
679 2097 805 2166 mortuo
824 2095 905 2180 239,
927 2109 1022 2178 quum
1035 2092 1071 2158 in
1088 2109 1229 2179 regnum
1242 2104 1353 2155 succes·

282 2193 385 2258 sisset
405 2191 594 2260 Demetrius
613 2193 661 2260 11.
681 2193 765 2259 iilius
787 2191 945 2282 (Clinton
966 2192 987 2257 Ι.
1009 2209 1038 2258 c.
1063 2213 1094 2278 p.
1122 2193 1194 2256 256.
1219 2186 1353 2274 Porphyr·

282 2291 317 2356 in
338 2291 474 2359 Arnen
494 2293 620 2360 Euseh.
646 2293 816 2380 interpret.
844 2310 873 2357 c.
893 2293 976 2378 88),
991 2307 1030 2384 ,a
1049 2289 1217 2358 Dardanis
1243 2305 1354 2377 pressus

235 2449 237 2456 ,
279 2397 489 2482 renatusque
509 2390 666 2486 (Prolog.
695 2393 799 2482 Trog.
827 2391 940 2478 Pomp.
961 2393 1013 2455 28.
1042 2391 1118 2459 Liv.
1140 2388 1272 2475 XXXI,
1289 2378 1354 2473 28.)

279 2490 407 2568 Aratus
439 2493 577 2579 primum
604 2489 733 2577 quidem
760 2483 852 2569 ὅλως
880 2483 1094 2576 κατεφρόνει
1121 2492 1193 2558 τῶν
1215 2475 1352 2570 Μακεδό-

280 2611 354 2656 νων
373 2588 478 2684 [Plut.
502 2593 561 2658 vit.
581 2593 678 2658 Arat-
701 2609 731 2658 e.
751 2583 842 2682 82),
862 2608 978 2658 verum
1000 2609 1097 2678 quum
1112 2592 1232 2658 multae
1251 2605 1289 2654 ac
1305 2601 1354 2664 va·

280 2689 369 2756 lidae
389 2697 513 2780 gentes
535 2692 766 2778 conspirarent
785 2691 820 2756 in
840 2691 1017 2778 Achaeos,
1047 2693 1160 2758 statim
1181 2707 1251 2756 cum
1270 2687 1355 2754 Aeto-

166 2863 169 2872 ,
281 2789 324 2855 lis
354 2797 388 2856 et
414 2807 529 2878 pacem
556 2797 591 2857 et
620 2789 736 2858 foedus
767 2791 989 2877 confirmavit,
1015 2790 1251 2877 Pantaleonte,
1281 2786 1355 2852 cuius

283 2891 464 2958 auctoritas
485 2891 572 2956 inter
589 2890 729 2958 Aetolos
750 2895 829 2958 tunc
849 2896 922 2957 erat
942 2891 1094 2978 maxima,
1115 2892 1182 2958 hac
1196 2893 1228 2956 in
1247 2905 1281 2955 re
1293 2901 1355 2952 usus

283 2985 449 3075 adiutore,
471 2980 661 3056 Archidami
681 2996 792 3077 patre,
818 2992 872 3076 qui
904 2990 990 3057 bello
1008 2991 1221 3082 Cleomenico
1240 2985 1355 3056 Aetolo-

283 3108 355 3158 rum
377 3089 479 3176 copiis
501 3095 655 3176 praeerat
674 3087 811 3182 (Polyb.
830 3089 892 3177 IV,
911 3093 964 3180 ot,
984 3093 1016 3157 t.
1043 3093 1129 3160 Plut.
1143 3094 1236 3160 Arat.
1251 3109 1277 3156 c.
1289 3079 1354 3174 tt)-

369 3211 443 3278 Has
455 3218 578 3300 gentes
592 3219 670 3300 puto
679 3215 816 3302 primum
829 3212 1032 3281 Macedonas
1053 3212 1190 3310 [Polyb.
1200 3217 1243 3302 ll,
1255 3217 1301 3300 44,
1314 3213 1355 3291 L),

286 3329 368 3400 quos
395 3329 501 3398 aeque
527 3313 854 3382 metuebantAetoli
885 3314 1093 3404 Achaeique,
1122 3318 1177 3403 qui
1203 3334 1284 3381 novo
1308 3309 1354 3374 sub

284 3417 370 3500 rege
390 3409 588 3478 videbantur
608 3413 642 3478 in
663 3411 809 3482 ordinem
830 3411 939 3502 redigi
959 3435 1070 3504 posse,
1092 3419 1147 3504 qui
1166 3416 1353 3502 Aristippum,

286 3513 490 3599 Argivorum
511 3517 703 3603 tyrannum,
731 3515 882 3580 aluerant
908 3513 1073 3582 adversus
1093 3519 1247 3606 Aratum3
1272 3529 1353 3602 prae-

285 3617 380 3679 terea
400 3612 551 3700 Argivos
571 3614 662 3700 ipsos
683 3621 717 3681 et
737 3613 1056 3705 MegalopolitanoS,
1084 3620 1145 3704 qui·
1167 3613 1226 3686 sub
1250 3623 1353 3703 tyran-

285 3712 339 3777 nis
360 3709 467 3776 adhuc
489 3717 600 3802 erant,
621 3711 761 3800 denique
771 3712 967 3802 Spartanos,
989 3718 1042 3802 qui
1062 3717 1175 3808 Agide
1195 3719 1250 3784 illa
1267 3717 1355 3784 hieme

286 3811 417 3878 sublato
438 3816 515 3877 acta
535 3813 622 3878 illius
642 3811 827 3900 improbare
847 3812 1045 3882 videbantur
1065 3815 1170 3911 (Plut.
1184 3819 1251 3908 Ag.
1271 3835 1296 3882 c.
1314 3815 1353 3877 2⁰·

286 3911 407 3982 Manso
428 3913 449 3977 l.
472 3930 500 3979 c.
522 3914 591 4002 111,
611 3915 641 3977 2.
663 3935 694 4000 p.
716 3915 788 3978 242.
822 3911 955 3984 Cliaton
975 3917 996 3982 l.
1019 3935 1047 3983 c.
1068 3940 1098 4006 p.
1121 3915 1231 4012 282),
1258 3933 1354 4004 qnam-

287 4030 383 4099 quam
410 4013 444 4080 hi
471 4011 597 4099 quidem
623 4013 743 4078 nullam
768 4019 849 4080 tunc
863 4015 972 4082 'extra
999 4023 1124 4085 terram
1143 4038 1234 4086 suam
1254 4031 1354 4083 snsce-

282 4119 405 4200 'perunt
425 4111 675 4200 expeditionem,
694 4119 871 4201 propterca
894 4115 978 4202 quod
998 4120 1089 4185 vires
1109 4139 1220 4188 eornm
1238 4115 1353 4184 seditio·

208 4229 211 4236 ¹
287 4211 383 4286 nihus
405 4208 551 4300 Spartae
563 4211 698 4312 exortis
718 4214 765 4282 ita
792 4221 889 4284 erant
909 4215 1109 4310 distractae,
1130 4229 1165 4289 ut
1184 4239 1226 4306 ne
1246 4224 1355 4308 cenom
