<?xml version="1.0" encoding="UTF-8"?>
<!DOCTYPE html PUBLIC "-//W3C//DTD XHTML 1.0 Transitional//EN"
    "http://www.w3.org/TR/xhtml1/DTD/xhtml1-transitional.dtd">
<html xmlns="http://www.w3.org/1999/xhtml" xml:lang="en" lang="en">
 <head>
  <title>
</title>
<meta http-equiv="Content-Type" content="text/html;charset=utf-8" />
  <meta name='ocr-system' content='tesseract 3.04.00' />
  <meta name='ocr-capabilities' content='ocr_page ocr_carea ocr_par ocr_line ocrx_word'/>
</head>
<body>
  <div class='ocr_page' id='page_1' title='image "achaicorumlibri00merlgoog_0223.png"; bbox 0 0 2844 4952; ppageno 0'>
   <div class='ocr_carea' id='block_1_1' title="bbox 626 323 897 398">
    <p class='ocr_par' dir='ltr' id='par_1_1' title="bbox 626 323 897 398">
     <span class='ocr_line' id='line_1_1' title="bbox 626 323 897 398; baseline -0.015 -22"><span class='ocrx_word' id='word_1_1' title='bbox 626 323 897 398; x_wconf 70' lang='lat'>...205-</span> 
     </span>
    </p>
   </div>
   <div class='ocr_carea' id='block_1_2' title="bbox 100 509 1325 1102">
    <p class='ocr_par' dir='ltr' id='par_1_2' title="bbox 100 509 1325 1102">
     <span class='ocr_line' id='line_1_2' title="bbox 223 509 1323 607; baseline -0.008 -20"><span class='ocrx_word' id='word_1_2' title='bbox 223 517 377 607; x_wconf 80' lang='lat' dir='ltr'><strong>el‘olyb.</strong></span> <span class='ocrx_word' id='word_1_3' title='bbox 398 512 468 604; x_wconf 79' lang='lat' dir='ltr'><strong>it,</strong></span> <span class='ocrx_word' id='word_1_4' title='bbox 488 517 540 604; x_wconf 68' lang='grc'><strong>2.,</strong></span> <span class='ocrx_word' id='word_1_5' title='bbox 561 515 708 604; x_wconf 84' lang='lat' dir='ltr'><strong>scripsit,</strong></span> <span class='ocrx_word' id='word_1_6' title='bbox 729 513 814 607; x_wconf 80' lang='lat' dir='ltr'><strong>male</strong></span> <span class='ocrx_word' id='word_1_7' title='bbox 835 511 976 599; x_wconf 80' lang='lat' dir='ltr'><strong>habent,</strong></span> <span class='ocrx_word' id='word_1_8' title='bbox 998 525 1109 598; x_wconf 90' lang='lat' dir='ltr'><strong>neque</strong></span> <span class='ocrx_word' id='word_1_9' title='bbox 1133 509 1279 580; x_wconf 85' lang='lat' dir='ltr'><strong>meliore</strong></span> <span class='ocrx_word' id='word_1_10' title='bbox 1291 519 1323 578; x_wconf 91' lang='lat' dir='ltr'><strong>et</strong></span> 
     </span>
     <span class='ocr_line' id='line_1_3' title="bbox 222 609 1221 700; baseline -0.012 -15"><span class='ocrx_word' id='word_1_11' title='bbox 222 624 347 686; x_wconf 92' lang='lat' dir='ltr'><strong>tanturn</strong></span> <span class='ocrx_word' id='word_1_12' title='bbox 367 617 401 682; x_wconf 92' lang='lat' dir='ltr'><strong>in</strong></span> <span class='ocrx_word' id='word_1_13' title='bbox 422 615 610 683; x_wconf 88' lang='lat' dir='ltr'><strong>coniectura</strong></span> <span class='ocrx_word' id='word_1_14' title='bbox 630 613 737 700; x_wconf 89' lang='lat' dir='ltr'><strong>posita</strong></span> <span class='ocrx_word' id='word_1_15' title='bbox 757 609 862 679; x_wconf 88' lang='lat' dir='ltr'><strong>verba</strong></span> <span class='ocrx_word' id='word_1_16' title='bbox 882 611 951 676; x_wconf 89' lang='lat' dir='ltr'><strong>eius</strong></span> <span class='ocrx_word' id='word_1_17' title='bbox 972 615 1049 676; x_wconf 90' lang='lat' dir='ltr'><strong>sunt</strong></span> <span class='ocrx_word' id='word_1_18' title='bbox 1069 609 1221 695; x_wconf 79' lang='lat' dir='ltr'><strong>reliqua</strong></span> 
     </span>
     <span class='ocr_line' id='line_1_4' title="bbox 305 709 1324 804; baseline -0.011 -20"><span class='ocrx_word' id='word_1_19' title='bbox 305 717 381 784; x_wconf 74' lang='lat' dir='ltr'><strong>Fuit</strong></span> <span class='ocrx_word' id='word_1_20' title='bbox 400 715 501 804; x_wconf 75' lang='lat' dir='ltr'><strong>igitur</strong></span> <span class='ocrx_word' id='word_1_21' title='bbox 521 715 688 802; x_wconf 79' lang='lat' dir='ltr'><strong>hlpcratus</strong></span> <span class='ocrx_word' id='word_1_22' title='bbox 708 712 915 780; x_wconf 76' lang='lat' dir='ltr'><strong>Achaeorum</strong></span> <span class='ocrx_word' id='word_1_23' title='bbox 937 715 1069 797; x_wconf 87' lang='lat' dir='ltr'><strong>praetor</strong></span> <span class='ocrx_word' id='word_1_24' title='bbox 1102 727 1127 776; x_wconf 92' lang='lat' dir='ltr'><strong>a</strong></span> <span class='ocrx_word' id='word_1_25' title='bbox 1142 709 1239 778; x_wconf 87' lang='lat' dir='ltr'><strong>Maio</strong></span> <span class='ocrx_word' id='word_1_26' title='bbox 1264 712 1324 774; x_wconf 78' lang='grc'>218</span> 
     </span>
     <span class='ocr_line' id='line_1_5' title="bbox 100 806 979 905; baseline -0.007 -17"><span class='ocrx_word' id='word_1_27' title='bbox 100 831 103 838; x_wconf 90' lang='grc'><strong>’</strong></span> <span class='ocrx_word' id='word_1_28' title='bbox 222 816 266 886; x_wconf 93' lang='lat' dir='ltr'><strong>ad</strong></span> <span class='ocrx_word' id='word_1_29' title='bbox 285 817 406 884; x_wconf 85' lang='lat' dir='ltr'><strong>Maium</strong></span> <span class='ocrx_word' id='word_1_30' title='bbox 424 816 488 880; x_wconf 89' lang='grc'>218</span> <span class='ocrx_word' id='word_1_31' title='bbox 508 829 539 880; x_wconf 84' lang='lat' dir='ltr'><strong>a.</strong></span> <span class='ocrx_word' id='word_1_32' title='bbox 561 809 638 880; x_wconf 80' lang='lat' dir='ltr'><strong>cur.</strong></span> <span class='ocrx_word' id='word_1_33' title='bbox 658 806 792 905; x_wconf 83' lang='lat' dir='ltr'><strong>(Polyb.</strong></span> <span class='ocrx_word' id='word_1_34' title='bbox 813 810 861 897; x_wconf 89' lang='lat' dir='ltr'><strong>V,</strong></span> <span class='ocrx_word' id='word_1_35' title='bbox 889 809 944 897; x_wconf 89' lang='lat'><strong>1.)</strong></span> <span class='ocrx_word' id='word_1_36' title='bbox 977 875 979 882; x_wconf 82' lang='grc'>,</span> 
     </span>
     <span class='ocr_line' id='line_1_6' title="bbox 143 905 1324 1000; baseline -0.014 -10"><span class='ocrx_word' id='word_1_37' title='bbox 143 945 159 990; x_wconf 76' lang='grc'><strong>.’</strong></span> <span class='ocrx_word' id='word_1_38' title='bbox 304 917 381 984; x_wconf 84' lang='lat' dir='ltr'><strong>Rex</strong></span> <span class='ocrx_word' id='word_1_39' title='bbox 394 933 476 984; x_wconf 92' lang='lat' dir='ltr'><strong>vero</strong></span> <span class='ocrx_word' id='word_1_40' title='bbox 490 912 600 1000; x_wconf 71' lang='lat' dir='ltr'><strong>Aegio</strong></span> <span class='ocrx_word' id='word_1_41' title='bbox 620 911 803 1000; x_wconf 86' lang='lat' dir='ltr'><strong>proiectus,</strong></span> <span class='ocrx_word' id='word_1_42' title='bbox 825 909 947 977; x_wconf 81' lang='lat' dir='ltr'><strong>Tichos</strong></span> <span class='ocrx_word' id='word_1_43' title='bbox 967 907 1149 977; x_wconf 83' lang='lat' dir='ltr'><strong>castellnm</strong></span> <span class='ocrx_word' id='word_1_44' title='bbox 1163 905 1324 995; x_wconf 77' lang='lat' dir='ltr'><strong>Dymaeis</strong></span> 
     </span>
     <span class='ocr_line' id='line_1_7' title="bbox 223 1007 1325 1102; baseline -0.008 -19"><span class='ocrx_word' id='word_1_45' title='bbox 223 1015 381 1102; x_wconf 79' lang='lat' dir='ltr'><strong>restituit,</strong></span> <span class='ocrx_word' id='word_1_46' title='bbox 414 1014 570 1082; x_wconf 77' lang='lat' dir='ltr'><strong>hlleorum</strong></span> <span class='ocrx_word' id='word_1_47' title='bbox 600 1028 704 1100; x_wconf 81' lang='lat' dir='ltr'><strong>agros</strong></span> <span class='ocrx_word' id='word_1_48' title='bbox 738 1011 926 1100; x_wconf 77' lang='lat' dir='ltr'><strong>populatur,</strong></span> <span class='ocrx_word' id='word_1_49' title='bbox 960 1007 1161 1098; x_wconf 89' lang='lat' dir='ltr'><strong>praedaque</strong></span> <span class='ocrx_word' id='word_1_50' title='bbox 1197 1010 1325 1098; x_wconf 83' lang='lat' dir='ltr'><strong>ingenti</strong></span> 
     </span>
    </p>
   </div>
   <div class='ocr_carea' id='block_1_3' title="bbox 105 1105 1408 4291">
    <p class='ocr_par' dir='ltr' id='par_1_3' title="bbox 222 1105 1324 1592">
     <span class='ocr_line' id='line_1_8' title="bbox 224 1105 1324 1203; baseline -0.009 -19"><span class='ocrx_word' id='word_1_51' title='bbox 224 1121 373 1184; x_wconf 75' lang='lat' dir='ltr'><strong>onustum</strong></span> <span class='ocrx_word' id='word_1_52' title='bbox 395 1115 574 1182; x_wconf 88' lang='lat' dir='ltr'><strong>exercitum</strong></span> <span class='ocrx_word' id='word_1_53' title='bbox 602 1111 718 1200; x_wconf 82' lang='lat' dir='ltr'><strong>Argos</strong></span> <span class='ocrx_word' id='word_1_54' title='bbox 745 1107 872 1180; x_wconf 78' lang='lat' dir='ltr'><strong>reducit</strong></span> <span class='ocrx_word' id='word_1_55' title='bbox 895 1105 947 1203; x_wconf 83' lang='lat' dir='ltr'><strong>(c.</strong></span> <span class='ocrx_word' id='word_1_56' title='bbox 968 1105 1050 1202; x_wconf 68' lang='lat' dir='ltr'><strong>bh)</strong></span> <span class='ocrx_word' id='word_1_57' title='bbox 1095 1112 1155 1177; x_wconf 88' lang='lat' dir='ltr'><strong>Ibi</strong></span> <span class='ocrx_word' id='word_1_58' title='bbox 1187 1110 1324 1197; x_wconf 89' lang='lat' dir='ltr'><strong>Apelles</strong></span> 
     </span>
     <span class='ocr_line' id='line_1_9' title="bbox 222 1207 1322 1297; baseline -0.008 -15"><span class='ocrx_word' id='word_1_59' title='bbox 222 1216 347 1282; x_wconf 84' lang='lat' dir='ltr'><strong>trustra</strong></span> <span class='ocrx_word' id='word_1_60' title='bbox 374 1213 587 1285; x_wconf 85' lang='lat' dir='ltr'><strong>calumniatur</strong></span> <span class='ocrx_word' id='word_1_61' title='bbox 614 1209 754 1297; x_wconf 80' lang='lat' dir='ltr'><strong>Aratus,</strong></span> <span class='ocrx_word' id='word_1_62' title='bbox 793 1209 988 1280; x_wconf 83' lang='lat' dir='ltr'><strong>Taurionem</strong></span> <span class='ocrx_word' id='word_1_63' title='bbox 1015 1214 1049 1277; x_wconf 90' lang='lat' dir='ltr'><strong>et</strong></span> <span class='ocrx_word' id='word_1_64' title='bbox 1077 1207 1322 1294; x_wconf 83' lang='lat' dir='ltr'><strong>Alexandrum,</strong></span> 
     </span>
     <span class='ocr_line' id='line_1_10' title="bbox 225 1306 1323 1400; baseline -0.005 -20"><span class='ocrx_word' id='word_1_65' title='bbox 225 1314 400 1382; x_wconf 77' lang='lat' dir='ltr'><strong>satellitum</strong></span> <span class='ocrx_word' id='word_1_66' title='bbox 420 1311 636 1400; x_wconf 74' lang='lat' dir='ltr'><strong>praetecum,</strong></span> <span class='ocrx_word' id='word_1_67' title='bbox 649 1306 744 1396; x_wconf 91' lang='lat' dir='ltr'><strong>apud</strong></span> <span class='ocrx_word' id='word_1_68' title='bbox 765 1327 896 1398; x_wconf 83' lang='lat' dir='ltr'><strong>regern,</strong></span> <span class='ocrx_word' id='word_1_69' title='bbox 923 1327 1030 1396; x_wconf 89' lang='lat' dir='ltr'><strong>neque</strong></span> <span class='ocrx_word' id='word_1_70' title='bbox 1050 1315 1172 1376; x_wconf 85' lang='lat' dir='ltr'><strong>tamen</strong></span> <span class='ocrx_word' id='word_1_71' title='bbox 1195 1309 1323 1396; x_wconf 89' lang='lat' dir='ltr'><strong>punitur</strong></span> 
     </span>
     <span class='ocr_line' id='line_1_11' title="bbox 225 1407 1323 1542; baseline -0.003 -64"><span class='ocrx_word' id='word_1_72' title='bbox 225 1419 360 1501; x_wconf 87' lang='lat' dir='ltr'><strong>propter</strong></span> <span class='ocrx_word' id='word_1_73' title='bbox 381 1412 626 1497; x_wconf 87' lang='lat' dir='ltr'><strong>auctoritatem,</strong></span> <span class='ocrx_word' id='word_1_74' title='bbox 656 1425 721 1496; x_wconf 91' lang='lat' dir='ltr'><strong>qua</strong></span> <span class='ocrx_word' id='word_1_75' title='bbox 746 1407 833 1496; x_wconf 92' lang='lat' dir='ltr'><strong>apud</strong></span> <span class='ocrx_word' id='word_1_76' title='bbox 853 1409 970 1508; x_wconf 84' lang='lat' dir='ltr'><strong>milites</strong></span> <span class='ocrx_word' id='word_1_77' title='bbox 997 1409 1233 1542; x_wconf 81' lang='lat' dir='ltr'><strong>reliquamque</strong></span> <span class='ocrx_word' id='word_1_78' title='bbox 1264 1425 1323 1476; x_wconf 92' lang='lat' dir='ltr'><strong>va-</strong></span> 
     </span>
     <span class='ocr_line' id='line_1_12' title="bbox 224 1505 826 1592; baseline -0.005 -16"><span class='ocrx_word' id='word_1_79' title='bbox 224 1511 314 1580; x_wconf 88' lang='lat' dir='ltr'><strong>lebat</strong></span> <span class='ocrx_word' id='word_1_80' title='bbox 333 1505 601 1588; x_wconf 85' lang='lat' dir='ltr'><strong>rnultitudinem(</strong></span> <span class='ocrx_word' id='word_1_81' title='bbox 602 1509 826 1672; x_wconf 41' lang='lat' dir='ltr'><strong>etit-&#39;Sip</strong></span> 
     </span>
    </p>

    <p class='ocr_par' dir='ltr' id='par_1_4' title="bbox 624 1709 919 1794">
     <span class='ocr_line' id='line_1_13' title="bbox 624 1709 919 1794; baseline 0 -20"><span class='ocrx_word' id='word_1_82' title='bbox 624 1709 713 1790; x_wconf 75' lang='lat' dir='ltr'><strong>Quae</strong></span> <span class='ocrx_word' id='word_1_83' title='bbox 741 1717 919 1794; x_wconf 80' lang='lat' dir='ltr'><strong>sequuntur.</strong></span> 
     </span>
    </p>

    <p class='ocr_par' dir='ltr' id='par_1_5' title="bbox 220 1804 1401 3392">
     <span class='ocr_line' id='line_1_14' title="bbox 307 1804 1320 1921; baseline -0.008 -43"><span class='ocrx_word' id='word_1_84' title='bbox 307 1810 418 1899; x_wconf 78' lang='lat' dir='ltr'><strong>Aegio</strong></span> <span class='ocrx_word' id='word_1_85' title='bbox 438 1804 618 1896; x_wconf 79' lang='lat' dir='ltr'><strong>Sicyonem</strong></span> <span class='ocrx_word' id='word_1_86' title='bbox 640 1807 812 1875; x_wconf 89' lang='lat' dir='ltr'><strong>concilium</strong></span> <span class='ocrx_word' id='word_1_87' title='bbox 839 1806 1052 1880; x_wconf 78' lang='lat' dir='ltr'><strong>Achaeorum</strong></span> <span class='ocrx_word' id='word_1_88' title='bbox 1075 1805 1227 1921; x_wconf 88' lang='lat' dir='ltr'><strong>Philippi</strong></span> <span class='ocrx_word' id='word_1_89' title='bbox 1248 1805 1320 1872; x_wconf 91' lang='lat' dir='ltr'><strong>hor-</strong></span> 
     </span>
     <span class='ocr_line' id='line_1_15' title="bbox 227 1906 1321 1996; baseline -0.006 -20"><span class='ocrx_word' id='word_1_90' title='bbox 227 1912 297 1977; x_wconf 88' lang='lat' dir='ltr'><strong>tatu</strong></span> <span class='ocrx_word' id='word_1_91' title='bbox 317 1909 523 1996; x_wconf 80' lang='lat' dir='ltr'><strong>transfertur,</strong></span> <span class='ocrx_word' id='word_1_92' title='bbox 544 1907 599 1974; x_wconf 90' lang='lat' dir='ltr'><strong>ubi</strong></span> <span class='ocrx_word' id='word_1_93' title='bbox 620 1925 692 1979; x_wconf 86' lang='lat' dir='ltr'><strong>cum</strong></span> <span class='ocrx_word' id='word_1_94' title='bbox 704 1908 830 1996; x_wconf 72' lang='lat' dir='ltr'><strong>Arath,</strong></span> <span class='ocrx_word' id='word_1_95' title='bbox 850 1912 944 1996; x_wconf 88' lang='lat' dir='ltr'><strong>patre</strong></span> <span class='ocrx_word' id='word_1_96' title='bbox 959 1911 992 1973; x_wconf 91' lang='lat' dir='ltr'><strong>et</strong></span> <span class='ocrx_word' id='word_1_97' title='bbox 1005 1906 1080 1994; x_wconf 87' lang='lat' dir='ltr'><strong>lilio,</strong></span> <span class='ocrx_word' id='word_1_98' title='bbox 1104 1925 1172 1973; x_wconf 86' lang='lat' dir='ltr'><strong>rex</strong></span> <span class='ocrx_word' id='word_1_99' title='bbox 1194 1907 1229 1972; x_wconf 86' lang='lat' dir='ltr'><strong>iri</strong></span> <span class='ocrx_word' id='word_1_100' title='bbox 1242 1922 1321 1994; x_wconf 82' lang='lat' dir='ltr'><strong>gra-</strong></span> 
     </span>
     <span class='ocr_line' id='line_1_16' title="bbox 226 2003 1319 2096; baseline -0.006 -22"><span class='ocrx_word' id='word_1_101' title='bbox 226 2009 304 2076; x_wconf 88' lang='lat' dir='ltr'><strong>tiam</strong></span> <span class='ocrx_word' id='word_1_102' title='bbox 324 2006 423 2096; x_wconf 92' lang='lat' dir='ltr'><strong>redit,</strong></span> <span class='ocrx_word' id='word_1_103' title='bbox 444 2009 519 2094; x_wconf 91' lang='lat' dir='ltr'><strong>quia</strong></span> <span class='ocrx_word' id='word_1_104' title='bbox 532 2007 699 2094; x_wconf 78' lang='lat' dir='ltr'><strong>Eperatus</strong></span> <span class='ocrx_word' id='word_1_105' title='bbox 720 2006 806 2074; x_wconf 89' lang='lat' dir='ltr'><strong>bello</strong></span> <span class='ocrx_word' id='word_1_106' title='bbox 826 2003 977 2095; x_wconf 83' lang='lat' dir='ltr'><strong>gerendo</strong></span> <span class='ocrx_word' id='word_1_107' title='bbox 997 2025 1064 2072; x_wconf 90' lang='lat' dir='ltr'><strong>non</strong></span> <span class='ocrx_word' id='word_1_108' title='bbox 1085 2012 1166 2072; x_wconf 87' lang='lat' dir='ltr'><strong>erat</strong></span> <span class='ocrx_word' id='word_1_109' title='bbox 1187 2003 1319 2074; x_wconf 87' lang='lat' dir='ltr'><strong>idoneus</strong></span> 
     </span>
     <span class='ocr_line' id='line_1_17' title="bbox 227 2102 1319 2195; baseline -0.005 -21"><span class='ocrx_word' id='word_1_110' title='bbox 227 2113 261 2174; x_wconf 86' lang='lat' dir='ltr'><strong>et</strong></span> <span class='ocrx_word' id='word_1_111' title='bbox 281 2107 426 2195; x_wconf 89' lang='lat' dir='ltr'><strong>Apelles</strong></span> <span class='ocrx_word' id='word_1_112' title='bbox 439 2107 515 2172; x_wconf 90' lang='lat' dir='ltr'><strong>mali</strong></span> <span class='ocrx_word' id='word_1_113' title='bbox 537 2106 663 2172; x_wconf 89' lang='lat' dir='ltr'><strong>consilii</strong></span> <span class='ocrx_word' id='word_1_114' title='bbox 694 2107 876 2174; x_wconf 79' lang='lat' dir='ltr'><strong>convictus.</strong></span> <span class='ocrx_word' id='word_1_115' title='bbox 932 2103 1015 2172; x_wconf 90' lang='lat' dir='ltr'><strong>Inde</strong></span> <span class='ocrx_word' id='word_1_116' title='bbox 1037 2102 1239 2171; x_wconf 77' lang='lat' dir='ltr'><strong>Corinthum</strong></span> <span class='ocrx_word' id='word_1_117' title='bbox 1259 2102 1319 2168; x_wconf 90' lang='lat' dir='ltr'><strong>abit</strong></span> 
     </span>
     <span class='ocr_line' id='line_1_18' title="bbox 225 2205 1318 2294; baseline -0.006 -19"><span class='ocrx_word' id='word_1_118' title='bbox 225 2225 288 2276; x_wconf 82' lang='lat' dir='ltr'><strong>rex</strong></span> <span class='ocrx_word' id='word_1_119' title='bbox 308 2213 342 2274; x_wconf 90' lang='lat' dir='ltr'><strong>et</strong></span> <span class='ocrx_word' id='word_1_120' title='bbox 362 2207 481 2274; x_wconf 88' lang='lat' dir='ltr'><strong>bellum</strong></span> <span class='ocrx_word' id='word_1_121' title='bbox 501 2225 597 2292; x_wconf 89' lang='lat' dir='ltr'><strong>quum</strong></span> <span class='ocrx_word' id='word_1_122' title='bbox 616 2206 698 2272; x_wconf 87' lang='lat' dir='ltr'><strong>meri</strong></span> <span class='ocrx_word' id='word_1_123' title='bbox 722 2224 846 2294; x_wconf 83' lang='lat' dir='ltr'><strong>gerere</strong></span> <span class='ocrx_word' id='word_1_124' title='bbox 873 2205 1097 2272; x_wconf 89' lang='lat' dir='ltr'><strong>constituisset</strong></span> <span class='ocrx_word' id='word_1_125' title='bbox 1120 2223 1198 2271; x_wconf 90' lang='lat' dir='ltr'><strong>cum</strong></span> <span class='ocrx_word' id='word_1_126' title='bbox 1219 2205 1318 2270; x_wconf 89' lang='lat' dir='ltr'><strong>Aeto-</strong></span> 
     </span>
     <span class='ocr_line' id='line_1_19' title="bbox 226 2302 1318 2393; baseline -0.002 -23"><span class='ocrx_word' id='word_1_127' title='bbox 226 2306 287 2393; x_wconf 82' lang='lat' dir='ltr'><strong>lis,</strong></span> <span class='ocrx_word' id='word_1_128' title='bbox 307 2306 402 2373; x_wconf 80' lang='lat' dir='ltr'><strong>Eleis</strong></span> <span class='ocrx_word' id='word_1_129' title='bbox 424 2309 458 2372; x_wconf 91' lang='lat' dir='ltr'><strong>et</strong></span> <span class='ocrx_word' id='word_1_130' title='bbox 477 2302 749 2372; x_wconf 83' lang='lat' dir='ltr'><strong>Lacedaemoniis</strong></span> <span class='ocrx_word' id='word_1_131' title='bbox 769 2305 896 2372; x_wconf 88' lang='lat' dir='ltr'><strong>milites.</strong></span> <span class='ocrx_word' id='word_1_132' title='bbox 908 2302 1026 2372; x_wconf 88' lang='lat' dir='ltr'><strong>ibidem</strong></span> <span class='ocrx_word' id='word_1_133' title='bbox 1046 2306 1151 2371; x_wconf 85' lang='lat' dir='ltr'><strong>remis</strong></span> <span class='ocrx_word' id='word_1_134' title='bbox 1174 2309 1318 2372; x_wconf 83' lang='lat' dir='ltr'><strong>tractan-</strong></span> 
     </span>
     <span class='ocr_line' id='line_1_20' title="bbox 227 2401 1319 2490; baseline -0.003 -20"><span class='ocrx_word' id='word_1_135' title='bbox 227 2403 279 2470; x_wconf 88' lang='lat' dir='ltr'><strong>dis</strong></span> <span class='ocrx_word' id='word_1_136' title='bbox 307 2403 444 2490; x_wconf 86' lang='lat' dir='ltr'><strong>aliisque</strong></span> <span class='ocrx_word' id='word_1_137' title='bbox 474 2403 574 2470; x_wconf 90' lang='lat' dir='ltr'><strong>rebus</strong></span> <span class='ocrx_word' id='word_1_138' title='bbox 601 2403 775 2470; x_wconf 89' lang='lat' dir='ltr'><strong>navalibus</strong></span> <span class='ocrx_word' id='word_1_139' title='bbox 804 2402 1006 2472; x_wconf 86' lang='lat' dir='ltr'><strong>instruendis</strong></span> <span class='ocrx_word' id='word_1_140' title='bbox 1040 2405 1199 2473; x_wconf 88' lang='lat' dir='ltr'><strong>exerceri</strong></span> <span class='ocrx_word' id='word_1_141' title='bbox 1227 2401 1319 2487; x_wconf 86' lang='lat' dir='ltr'><strong>iubet,</strong></span> 
     </span>
     <span class='ocr_line' id='line_1_21' title="bbox 228 2501 1318 2592; baseline -0.005 -22"><span class='ocrx_word' id='word_1_142' title='bbox 228 2523 291 2590; x_wconf 92' lang='lat' dir='ltr'><strong>quo</strong></span> <span class='ocrx_word' id='word_1_143' title='bbox 311 2504 505 2592; x_wconf 84' lang='lat' dir='ltr'><strong>promtiores</strong></span> <span class='ocrx_word' id='word_1_144' title='bbox 525 2509 560 2570; x_wconf 89' lang='lat' dir='ltr'><strong>et</strong></span> <span class='ocrx_word' id='word_1_145' title='bbox 580 2503 760 2570; x_wconf 88' lang='lat' dir='ltr'><strong>alacriores</strong></span> <span class='ocrx_word' id='word_1_146' title='bbox 789 2501 833 2581; x_wconf 82' lang='lat' dir='ltr'><strong>ad</strong></span> <span class='ocrx_word' id='word_1_147' title='bbox 853 2503 1032 2572; x_wconf 88' lang='lat' dir='ltr'><strong>maritimae</strong></span> <span class='ocrx_word' id='word_1_148' title='bbox 1061 2505 1112 2571; x_wconf 89' lang='lat' dir='ltr'><strong>rei</strong></span> <span class='ocrx_word' id='word_1_149' title='bbox 1144 2501 1318 2570; x_wconf 87' lang='lat' dir='ltr'><strong>ministeria</strong></span> 
     </span>
     <span class='ocr_line' id='line_1_22' title="bbox 227 2601 1317 2694; baseline -0.004 -24"><span class='ocrx_word' id='word_1_150' title='bbox 227 2603 353 2672; x_wconf 90' lang='lat' dir='ltr'><strong>tierent.</strong></span> <span class='ocrx_word' id='word_1_151' title='bbox 394 2603 446 2670; x_wconf 92' lang='lat' dir='ltr'><strong>lbi</strong></span> <span class='ocrx_word' id='word_1_152' title='bbox 467 2601 541 2670; x_wconf 92' lang='lat' dir='ltr'><strong>dum</strong></span> <span class='ocrx_word' id='word_1_153' title='bbox 568 2603 653 2670; x_wconf 88' lang='lat' dir='ltr'><strong>hacc</strong></span> <span class='ocrx_word' id='word_1_154' title='bbox 678 2608 841 2692; x_wconf 80' lang='lat' dir='ltr'><strong>geruntur</strong></span> <span class='ocrx_word' id='word_1_155' title='bbox 861 2605 998 2692; x_wconf 88' lang='lat' dir='ltr'><strong>Apelles</strong></span> <span class='ocrx_word' id='word_1_156' title='bbox 1019 2603 1198 2694; x_wconf 82' lang='lat' dir='ltr'><strong>dignitatis</strong></span> <span class='ocrx_word' id='word_1_157' title='bbox 1220 2604 1317 2668; x_wconf 87' lang='lat' dir='ltr'><strong>iactu-</strong></span> 
     </span>
     <span class='ocr_line' id='line_1_23' title="bbox 228 2699 1318 2792; baseline -0.007 -21"><span class='ocrx_word' id='word_1_158' title='bbox 228 2721 315 2772; x_wconf 92' lang='lat' dir='ltr'><strong>rarn</strong></span> <span class='ocrx_word' id='word_1_159' title='bbox 331 2721 374 2770; x_wconf 83' lang='lat' dir='ltr'><strong>ex</strong></span> <span class='ocrx_word' id='word_1_160' title='bbox 387 2703 495 2792; x_wconf 82' lang='lat' dir='ltr'><strong>regis</strong></span> <span class='ocrx_word' id='word_1_161' title='bbox 517 2707 682 2783; x_wconf 89' lang='lat' dir='ltr'><strong>contemtu</strong></span> <span class='ocrx_word' id='word_1_162' title='bbox 711 2699 848 2792; x_wconf 80' lang='lat' dir='ltr'><strong>indigne</strong></span> <span class='ocrx_word' id='word_1_163' title='bbox 877 2703 989 2772; x_wconf 85' lang='lat' dir='ltr'><strong>ferens</strong></span> <span class='ocrx_word' id='word_1_164' title='bbox 1025 2722 1098 2790; x_wconf 87' lang='lat' dir='ltr'><strong>cum</strong></span> <span class='ocrx_word' id='word_1_165' title='bbox 1118 2704 1261 2772; x_wconf 85' lang='lat' dir='ltr'><strong>Leontio</strong></span> <span class='ocrx_word' id='word_1_166' title='bbox 1289 2703 1318 2764; x_wconf 89' lang='lat' dir='ltr'><strong>et</strong></span> 
     </span>
     <span class='ocr_line' id='line_1_24' title="bbox 228 2781 1319 2918; baseline -0.006 -46"><span class='ocrx_word' id='word_1_167' title='bbox 228 2804 386 2894; x_wconf 77' lang='lat' dir='ltr'><strong>Megalea</strong></span> <span class='ocrx_word' id='word_1_168' title='bbox 406 2801 513 2870; x_wconf 92' lang='lat' dir='ltr'><strong>denuo</strong></span> <span class='ocrx_word' id='word_1_169' title='bbox 535 2795 701 2918; x_wconf 81' lang='lat' dir='ltr'><strong>coniurat,</strong></span> <span class='ocrx_word' id='word_1_170' title='bbox 729 2809 766 2870; x_wconf 93' lang='lat' dir='ltr'><strong>ut</strong></span> <span class='ocrx_word' id='word_1_171' title='bbox 794 2803 841 2870; x_wconf 94' lang='lat' dir='ltr'><strong>illi</strong></span> <span class='ocrx_word' id='word_1_172' title='bbox 871 2801 999 2890; x_wconf 90' lang='lat' dir='ltr'><strong>quidem</strong></span> <span class='ocrx_word' id='word_1_173' title='bbox 1025 2781 1130 2891; x_wconf 91' lang='lat' dir='ltr'><strong>apud</strong></span> <span class='ocrx_word' id='word_1_174' title='bbox 1145 2801 1319 2870; x_wconf 87' lang='lat' dir='ltr'><strong>exercitum</strong></span> 
     </span>
     <span class='ocr_line' id='line_1_25' title="bbox 230 2897 1317 2992; baseline -0.009 -20"><span class='ocrx_word' id='word_1_175' title='bbox 230 2921 363 2992; x_wconf 85' lang='lat' dir='ltr'><strong>operam</strong></span> <span class='ocrx_word' id='word_1_176' title='bbox 383 2901 517 2990; x_wconf 89' lang='lat' dir='ltr'><strong>darent,</strong></span> <span class='ocrx_word' id='word_1_177' title='bbox 539 2920 604 2989; x_wconf 91' lang='lat' dir='ltr'><strong>qua</strong></span> <span class='ocrx_word' id='word_1_178' title='bbox 623 2904 718 2992; x_wconf 79' lang='lat' dir='ltr'><strong>regis</strong></span> <span class='ocrx_word' id='word_1_179' title='bbox 739 2901 966 2991; x_wconf 88' lang='lat' dir='ltr'><strong>expeditiones</strong></span> <span class='ocrx_word' id='word_1_180' title='bbox 987 2903 1088 2971; x_wconf 86' lang='lat' dir='ltr'><strong>rebus</strong></span> <span class='ocrx_word' id='word_1_181' title='bbox 1109 2903 1200 2970; x_wconf 88' lang='lat' dir='ltr'><strong>male</strong></span> <span class='ocrx_word' id='word_1_182' title='bbox 1216 2897 1317 2990; x_wconf 81' lang='lat' dir='ltr'><strong>gestis</strong></span> 
     </span>
     <span class='ocr_line' id='line_1_26' title="bbox 228 2998 1319 3098; baseline -0.002 -30"><span class='ocrx_word' id='word_1_183' title='bbox 228 3001 488 3090; x_wconf 89' lang='lat' dir='ltr'><strong>impedirentur,</strong></span> <span class='ocrx_word' id='word_1_184' title='bbox 512 3004 585 3089; x_wconf 88' lang='lat' dir='ltr'><strong>ipse</strong></span> <span class='ocrx_word' id='word_1_185' title='bbox 605 3021 687 3070; x_wconf 90' lang='lat' dir='ltr'><strong>vero</strong></span> <span class='ocrx_word' id='word_1_186' title='bbox 709 2999 899 3098; x_wconf 73' lang='lat' dir='ltr'><strong>Chalcidem</strong></span> <span class='ocrx_word' id='word_1_187' title='bbox 919 3021 958 3070; x_wconf 90' lang='grc'><strong>88</strong></span> <span class='ocrx_word' id='word_1_188' title='bbox 978 3003 1203 3091; x_wconf 82' lang='lat' dir='ltr'><strong>proiecturum</strong></span> <span class='ocrx_word' id='word_1_189' title='bbox 1223 2998 1319 3068; x_wconf 87' lang='lat' dir='ltr'><strong>omui-</strong></span> 
     </span>
     <span class='ocr_line' id='line_1_27' title="bbox 220 3085 1401 3191; baseline -0.003 -24"><span class='ocrx_word' id='word_1_190' title='bbox 220 3119 293 3188; x_wconf 88' lang='lat' dir='ltr'><strong>que</strong></span> <span class='ocrx_word' id='word_1_191' title='bbox 313 3100 407 3168; x_wconf 90' lang='lat' dir='ltr'><strong>modo</strong></span> <span class='ocrx_word' id='word_1_192' title='bbox 428 3111 614 3168; x_wconf 88' lang='lat' dir='ltr'><strong>curaturum</strong></span> <span class='ocrx_word' id='word_1_193' title='bbox 633 3103 796 3191; x_wconf 88' lang='lat' dir='ltr'><strong>pollicitus</strong></span> <span class='ocrx_word' id='word_1_194' title='bbox 817 3108 888 3191; x_wconf 90' lang='lat' dir='ltr'><strong>est,</strong></span> <span class='ocrx_word' id='word_1_195' title='bbox 915 3122 959 3171; x_wconf 89' lang='lat' dir='ltr'><strong>ue</strong></span> <span class='ocrx_word' id='word_1_196' title='bbox 980 3109 1183 3170; x_wconf 89' lang='lat' dir='ltr'><strong>commeatus</strong></span> <span class='ocrx_word' id='word_1_197' title='bbox 1204 3114 1317 3168; x_wconf 86' lang='lat' dir='ltr'><strong>neces-</strong></span> <span class='ocrx_word' id='word_1_198' title='bbox 1399 3085 1401 3104; x_wconf 91' lang='lat'>&#39;</span> 
     </span>
     <span class='ocr_line' id='line_1_28' title="bbox 230 3195 1318 3290; baseline -0.003 -23"><span class='ocrx_word' id='word_1_199' title='bbox 230 3201 309 3267; x_wconf 88' lang='lat' dir='ltr'><strong>sarii</strong></span> <span class='ocrx_word' id='word_1_200' title='bbox 329 3199 371 3266; x_wconf 92' lang='lat' dir='ltr'><strong>ad</strong></span> <span class='ocrx_word' id='word_1_201' title='bbox 391 3219 508 3290; x_wconf 81' lang='lat' dir='ltr'><strong>regem</strong></span> <span class='ocrx_word' id='word_1_202' title='bbox 534 3201 814 3290; x_wconf 87' lang='lat' dir='ltr'><strong>subveherentur,</strong></span> <span class='ocrx_word' id='word_1_203' title='bbox 843 3195 952 3290; x_wconf 84' lang='lat' dir='ltr'><strong>itaque</strong></span> <span class='ocrx_word' id='word_1_204' title='bbox 981 3205 1133 3272; x_wconf 88' lang='lat' dir='ltr'><strong>servavit</strong></span> <span class='ocrx_word' id='word_1_205' title='bbox 1160 3201 1318 3272; x_wconf 87' lang='lat' dir='ltr'><strong>iusiuran-</strong></span> 
     </span>
     <span class='ocr_line' id='line_1_29' title="bbox 231 3289 1316 3392; baseline -0.006 -24"><span class='ocrx_word' id='word_1_206' title='bbox 231 3298 322 3388; x_wconf 84' lang='lat' dir='ltr'><strong>dum,</strong></span> <span class='ocrx_word' id='word_1_207' title='bbox 342 3305 377 3366; x_wconf 93' lang='lat' dir='ltr'><strong>ut</strong></span> <span class='ocrx_word' id='word_1_208' title='bbox 398 3319 459 3366; x_wconf 86' lang='lat' dir='ltr'><strong>rex</strong></span> <span class='ocrx_word' id='word_1_209' title='bbox 480 3299 523 3366; x_wconf 89' lang='lat' dir='ltr'><strong>ad</strong></span> <span class='ocrx_word' id='word_1_210' title='bbox 546 3319 716 3368; x_wconf 89' lang='lat' dir='ltr'><strong>summam</strong></span> <span class='ocrx_word' id='word_1_211' title='bbox 723 3289 917 3392; x_wconf 83' lang='lat' dir='ltr'><strong>adigeretur</strong></span> <span class='ocrx_word' id='word_1_212' title='bbox 936 3304 1084 3392; x_wconf 90' lang='lat' dir='ltr'><strong>inopiam.</strong></span> <span class='ocrx_word' id='word_1_213' title='bbox 1128 3300 1251 3371; x_wconf 80' lang='lat' dir='ltr'><strong>classe</strong></span> <span class='ocrx_word' id='word_1_214' title='bbox 1270 3303 1316 3364; x_wconf 89' lang='lat' dir='ltr'><strong>ta·</strong></span> 
     </span>
    </p>

    <p class='ocr_par' dir='ltr' id='par_1_6' title="bbox 105 3393 1317 3687">
     <span class='ocr_line' id='line_1_30' title="bbox 108 3393 1317 3488; baseline 0.003 -23"><span class='ocrx_word' id='word_1_215' title='bbox 108 3393 110 3404; x_wconf 90' lang='lat'>&#39;</span> <span class='ocrx_word' id='word_1_216' title='bbox 230 3418 306 3474; x_wconf 89' lang='lat' dir='ltr'><strong>men</strong></span> <span class='ocrx_word' id='word_1_217' title='bbox 336 3406 526 3488; x_wconf 86' lang='lat' dir='ltr'><strong>comparata</strong></span> <span class='ocrx_word' id='word_1_218' title='bbox 553 3398 709 3471; x_wconf 82' lang='lat' dir='ltr'><strong>Corintho</strong></span> <span class='ocrx_word' id='word_1_219' title='bbox 743 3421 815 3470; x_wconf 89' lang='lat' dir='ltr'><strong>curn</strong></span> <span class='ocrx_word' id='word_1_220' title='bbox 843 3402 1060 3476; x_wconf 86' lang='lat' dir='ltr'><strong>Macedonum</strong></span> <span class='ocrx_word' id='word_1_221' title='bbox 1081 3422 1146 3472; x_wconf 83' lang='lat' dir='ltr'><strong>seu</strong></span> <span class='ocrx_word' id='word_1_222' title='bbox 1174 3399 1317 3480; x_wconf 77' lang='lat' dir='ltr'><strong>milibus,</strong></span> 
     </span>
     <span class='ocr_line' id='line_1_31' title="bbox 105 3494 1316 3624; baseline 0.002 -59"><span class='ocrx_word' id='word_1_223' title='bbox 105 3545 111 3558; x_wconf 78' lang='lat'><em>.</em></span> <span class='ocrx_word' id='word_1_224' title='bbox 230 3499 317 3566; x_wconf 86' lang='lat' dir='ltr'><strong>inille</strong></span> <span class='ocrx_word' id='word_1_225' title='bbox 342 3496 492 3568; x_wconf 91' lang='lat' dir='ltr'><strong>ducentis</strong></span> <span class='ocrx_word' id='word_1_226' title='bbox 522 3502 734 3570; x_wconf 87' lang='lat' dir='ltr'><strong>mercenariis</strong></span> <span class='ocrx_word' id='word_1_227' title='bbox 761 3521 824 3571; x_wconf 88' lang='lat' dir='ltr'><strong>rex</strong></span> <span class='ocrx_word' id='word_1_228' title='bbox 849 3504 1016 3592; x_wconf 85' lang='lat' dir='ltr'><strong>proiectus</strong></span> <span class='ocrx_word' id='word_1_229' title='bbox 1041 3503 1166 3572; x_wconf 83' lang='lat' dir='ltr'><strong>Patras</strong></span> <span class='ocrx_word' id='word_1_230' title='bbox 1203 3494 1316 3624; x_wconf 82' lang='lat' dir='ltr'><strong>appulit</strong></span> 
     </span>
     <span class='ocr_line' id='line_1_32' title="bbox 231 3598 425 3687; baseline 0.006 -25"><span class='ocrx_word' id='word_1_231' title='bbox 231 3598 278 3683; x_wconf 88' lang='lat' dir='ltr'><strong>(V</strong></span> <span class='ocrx_word' id='word_1_232' title='bbox 286 3601 416 3687; x_wconf 87' lang='lat'><strong>,1.)</strong></span> <span class='ocrx_word' id='word_1_233' title='bbox 368 3601 425 3680; x_wconf 90' lang='grc'><strong>2.).</strong></span> 
     </span>
    </p>

    <p class='ocr_par' dir='ltr' id='par_1_7' title="bbox 209 3673 1408 4291">
     <span class='ocr_line' id='line_1_33' title="bbox 314 3673 1315 3792; baseline -0.001 -26"><span class='ocrx_word' id='word_1_234' title='bbox 314 3693 386 3766; x_wconf 82' lang='lat' dir='ltr'><strong>Sub</strong></span> <span class='ocrx_word' id='word_1_235' title='bbox 407 3673 493 3766; x_wconf 87' lang='lat' dir='ltr'><strong>idern</strong></span> <span class='ocrx_word' id='word_1_236' title='bbox 513 3705 639 3789; x_wconf 89' lang='lat' dir='ltr'><strong>tempus</strong></span> <span class='ocrx_word' id='word_1_237' title='bbox 659 3699 771 3769; x_wconf 90' lang='lat' dir='ltr'><strong>Aetoli</strong></span> <span class='ocrx_word' id='word_1_238' title='bbox 793 3719 888 3788; x_wconf 88' lang='lat' dir='ltr'><strong>quum</strong></span> <span class='ocrx_word' id='word_1_239' title='bbox 917 3701 1051 3792; x_wconf 85' lang='lat' dir='ltr'><strong>Agelao</strong></span> <span class='ocrx_word' id='word_1_240' title='bbox 1072 3708 1108 3770; x_wconf 88' lang='lat' dir='ltr'><strong>et</strong></span> <span class='ocrx_word' id='word_1_241' title='bbox 1127 3698 1242 3789; x_wconf 81' lang='lat' dir='ltr'><strong>Scopa</strong></span> <span class='ocrx_word' id='word_1_242' title='bbox 1261 3689 1315 3759; x_wconf 87' lang='lat' dir='ltr'><strong>du·</strong></span> 
     </span>
     <span class='ocr_line' id='line_1_34' title="bbox 233 3795 1315 3890; baseline 0.001 -26"><span class='ocrx_word' id='word_1_243' title='bbox 233 3795 326 3864; x_wconf 84' lang='lat' dir='ltr'><strong>cibus</strong></span> <span class='ocrx_word' id='word_1_244' title='bbox 346 3797 473 3874; x_wconf 87' lang='lat' dir='ltr'><strong>auxilia</strong></span> <span class='ocrx_word' id='word_1_245' title='bbox 487 3799 655 3868; x_wconf 88' lang='lat' dir='ltr'><strong>misissent</strong></span> <span class='ocrx_word' id='word_1_246' title='bbox 674 3801 769 3869; x_wconf 82' lang='lat' dir='ltr'><strong>Eleis</strong></span> <span class='ocrx_word' id='word_1_247' title='bbox 790 3819 853 3869; x_wconf 84' lang='lat' dir='ltr'><strong>rex</strong></span> <span class='ocrx_word' id='word_1_248' title='bbox 872 3803 905 3868; x_wconf 90' lang='lat' dir='ltr'><strong>ln</strong></span> <span class='ocrx_word' id='word_1_249' title='bbox 925 3801 1145 3890; x_wconf 84' lang='lat' dir='ltr'><strong>[lymaeorum</strong></span> <span class='ocrx_word' id='word_1_250' title='bbox 1166 3799 1248 3868; x_wconf 86' lang='lat' dir='ltr'><strong>urbe</strong></span> <span class='ocrx_word' id='word_1_251' title='bbox 1265 3810 1315 3860; x_wconf 75' lang='lat' dir='ltr'><strong>re·</strong></span> 
     </span>
     <span class='ocr_line' id='line_1_35' title="bbox 209 3893 1408 4000; baseline -0.003 -38"><span class='ocrx_word' id='word_1_252' title='bbox 209 3895 309 3962; x_wconf 76' lang='lat' dir='ltr'><strong>&#39;licto</strong></span> <span class='ocrx_word' id='word_1_253' title='bbox 330 3893 494 3984; x_wconf 88' lang='lat' dir='ltr'><strong>praesidio</strong></span> <span class='ocrx_word' id='word_1_254' title='bbox 515 3899 742 3988; x_wconf 84' lang='lat' dir='ltr'><strong>imperatisque</strong></span> <span class='ocrx_word' id='word_1_255' title='bbox 761 3920 823 3990; x_wconf 92' lang='lat' dir='ltr'><strong>per</strong></span> <span class='ocrx_word' id='word_1_256' title='bbox 843 3903 958 4000; x_wconf 82' lang='lat' dir='ltr'><strong>literas</strong></span> <span class='ocrx_word' id='word_1_257' title='bbox 977 3903 1173 3992; x_wconf 86' lang='lat' dir='ltr'><strong>Messeniis,</strong></span> <span class='ocrx_word' id='word_1_258' title='bbox 1200 3896 1312 3984; x_wconf 75' lang='lat' dir='ltr'><strong>Epiro·</strong></span> <span class='ocrx_word' id='word_1_259' title='bbox 1407 3923 1408 3928; x_wconf 65' lang='lat'><strong>,</strong></span> 
     </span>
     <span class='ocr_line' id='line_1_36' title="bbox 234 3995 1312 4091; baseline 0.002 -29"><span class='ocrx_word' id='word_1_260' title='bbox 234 3995 296 4084; x_wconf 89' lang='lat' dir='ltr'><strong>tis,</strong></span> <span class='ocrx_word' id='word_1_261' title='bbox 317 3995 549 4065; x_wconf 86' lang='lat' dir='ltr'><strong>Acernanibus</strong></span> <span class='ocrx_word' id='word_1_262' title='bbox 571 4003 605 4082; x_wconf 88' lang='lat' dir='ltr'><strong>et</strong></span> <span class='ocrx_word' id='word_1_263' title='bbox 625 3996 859 4091; x_wconf 78' lang='lat' dir='ltr'><strong>Scerdilaedo,</strong></span> <span class='ocrx_word' id='word_1_264' title='bbox 889 4007 924 4086; x_wconf 87' lang='lat' dir='ltr'><strong>ut</strong></span> <span class='ocrx_word' id='word_1_265' title='bbox 951 4020 1031 4070; x_wconf 86' lang='lat' dir='ltr'><strong>suas</strong></span> <span class='ocrx_word' id='word_1_266' title='bbox 1061 4004 1200 4090; x_wconf 87' lang='lat' dir='ltr'><strong>quisque</strong></span> <span class='ocrx_word' id='word_1_267' title='bbox 1215 4007 1312 4064; x_wconf 70' lang='lat' dir='ltr'><strong>neves</strong></span> 
     </span>
     <span class='ocr_line' id='line_1_37' title="bbox 233 4095 1311 4189; baseline 0 -28"><span class='ocrx_word' id='word_1_268' title='bbox 233 4101 397 4186; x_wconf 87' lang='lat' dir='ltr'><strong>paratas</strong></span> <span class='ocrx_word' id='word_1_269' title='bbox 387 4097 547 4176; x_wconf 84' lang='lat' dir='ltr'><strong>haberent</strong></span> <span class='ocrx_word' id='word_1_270' title='bbox 560 4095 686 4185; x_wconf 83' lang='lat' dir='ltr'><strong>sibique</strong></span> <span class='ocrx_word' id='word_1_271' title='bbox 699 4097 742 4166; x_wconf 91' lang='lat' dir='ltr'><strong>ad</strong></span> <span class='ocrx_word' id='word_1_272' title='bbox 752 4097 997 4189; x_wconf 76' lang='lat' dir='ltr'><strong>Cephalleniam</strong></span> <span class='ocrx_word' id='word_1_273' title='bbox 1012 4104 1139 4172; x_wconf 86' lang='lat' dir='ltr'><strong>obviam</strong></span> <span class='ocrx_word' id='word_1_274' title='bbox 1160 4095 1311 4188; x_wconf 86' lang='lat' dir='ltr'><strong>venirent,</strong></span> 
     </span>
     <span class='ocr_line' id='line_1_38' title="bbox 233 4195 1308 4291; baseline 0.007 -27"><span class='ocrx_word' id='word_1_275' title='bbox 233 4195 551 4278; x_wconf 75' lang='lat' dir='ltr'><strong>,l&#39;ntrissoluensdie</strong></span> <span class='ocrx_word' id='word_1_276' title='bbox 565 4199 1045 4291; x_wconf 80' lang='lat' dir='ltr'><strong>constitutaadCephalleniae</strong></span> <span class='ocrx_word' id='word_1_277' title='bbox 1058 4201 1168 4270; x_wconf 87' lang='lat' dir='ltr'><strong>urbem</strong></span> <span class='ocrx_word' id='word_1_278' title='bbox 1177 4203 1308 4272; x_wconf 73' lang='lat' dir='ltr'><strong>Prandh</strong></span> 
     </span>
    </p>
   </div>
   <div class='ocr_carea' id='block_1_4' title="bbox 1175 4511 1410 4948">
    <p class='ocr_par' dir='ltr' id='par_1_8' title="bbox 1175 4511 1410 4948">
     <span class='ocr_line' id='line_1_39' title="bbox 1175 4511 1410 4948; baseline 0 0"><span class='ocrx_word' id='word_1_279' title='bbox 1175 4511 1410 4948; x_wconf 40' lang='lat' dir='ltr'><strong>—d-dst}</strong></span> 
     </span>
     <span class='ocr_line' id='line_1_40' title="bbox 1254 4927 1286 4936; baseline 0 0"><span class='ocrx_word' id='word_1_280' title='bbox 1254 4927 1286 4936; x_wconf 76' lang='lat'><strong>.-</strong></span> 
     </span>
    </p>
   </div>
   <div class='ocr_carea' id='block_1_5' title="bbox 0 0 1426 4944">
    <p class='ocr_par' dir='ltr' id='par_1_9' title="bbox 0 0 1426 4944">
     <span class='ocr_line' id='line_1_41' title="bbox 0 0 1426 4944; baseline 0 0"><span class='ocrx_word' id='word_1_281' title='bbox 0 0 1426 4944; x_wconf 95' lang='lat' dir='ltr'><strong>   </strong></span> 
     </span>
    </p>
   </div>
  </div>
 </body>
</html>
