2864 4960
530 355 1065 443 “π··90···Χ

267 559 374 647 imque
391 569 459 624 uon
477 548 705 623 audacissimis
730 549 957 644 indulgemus,
972 551 1167 622 'maximam
1187 565 1276 622 sanc
1294 570 1369 646 par-

131 650 137 660 ’
266 661 335 729 tem
355 645 571 746 explicabitur
589 654 809 722 instituturum
827 653 1004 742 legumque
1023 649 1117 740 apud
1130 652 1297 724 Achaeos
1317 675 1370 723 ra·

130 772 132 778 ’
266 758 324 828 tio.
363 758 418 824 Ac
445 759 580 845 praeter
606 771 666 822 eas
686 753 831 843 quidem,
862 770 996 840 quarum
1014 753 1081 822 iam
1103 768 1215 842 supra
1235 757 1370 824 mentio-
1413 775 1414 862 p

266 873 344 928 uem
363 857 546 944 iniecimus‚
567 855 633 923 hae
653 861 730 922 sunt
749 854 1062 944 praestantissimae.
1166 897 1169 907 ι
1413 863 1414 884 ’

351 949 394 1048 1]
425 954 482 1023 Ad
502 956 726 1043 bellarcperte
752 953 906 1045 gerenda
933 971 1047 1022 omncs
1075 955 1262 1044 ciuitates,
1292 970 1371 1042 quae
1413 933 1414 976 ¹

268 1061 366 1125 erant
394 1049 780 1144 somotati¹adscriptae‚
808 1075 875 1122 non
902 1055 1080 1142 imperatos
1111 1057 1227 1124 solum
1258 1057 1371 1122 milites

216 1209 223 1218 .
267 1158 413 1245 mittere,
434 1153 495 1223 sed
515 1175 629 1225 omnes
650 1158 749 1225 enam
767 1156 860 1225 dves
874 1153 1018 1224 foederis
1031 1172 1162 1225 caussa
1176 1153 1371 1224 defendendi

267 1274 364 1326 arma
384 1274 507 1346 capere
527 1255 702 1326 debebant.
1263 1281 1266 1288 ¹

319 1417 321 1424 χ
349 1353 395 1449 2)
429 1357 597 1427 Pecuniae
615 1360 651 1426 in
669 1358 834 1435 cerarium
853 1374 1022 1452 commune
1053 1347 1214 1425 bmmbus
1236 1355 1370 1424 civitati·

266 1455 329 1524 bus
352 1456 574 1526 conterendae
594 1464 708 1546 eraut,
734 1459 969 1527 neballaturis
990 1455 1173 1546 aliquando
1204 1456 1290 1546 ipsis
1315 1452 1371 1522 do-

256 1561 385 1624 essent
405 1557 545 1645 (Polyb.
565 1559 616 1626 IV
621 1604 631 1640 ,
651 1556 710 1648 dt),
730 1562 761 1625 4.
782 1552 846 1649 0.)
1401 1551 1406 1572 ’

348 1650 393 1747 8]
425 1657 565 1728 Praeter
585 1659 694 1748 leges,
715 1659 831 1748 quibus
845 1658 1089 1747 praescriptum
1103 1660 1195 1745 erat,
1219 1649 1370 1744 quomodo
1413 1701 1414 1762 ¹

268 1757 408 1826 concilia
428 1763 544 1826 essent
563 1757 718 1826 habenda
736 1758 1006 1852 (Polybxxllt,
1019 1763 1051 1825 tl.
1069 1753 1166 1852 lo),
1187 1758 1264 1826 iura
1278 1773 1369 1824 cuer·
1413 1777 1414 1862 ¹

268 1855 378 1926 conda
397 1857 536 1947 (Polyb.
558 1859 641 1948 XL,
662 1863 720 1950 1⁰,
740 1855 811 1952 5.),
882 1887 884 1891 ·
1011 1858 1014 1864 ’
1413 1919 1414 1938 ,

280 2045 282 2048 ¹
349 1951 403 2050 4]
425 1960 493 2026 alia
512 1965 587 2029 erat
606 1961 683 2051 lex,
704 1978 790 2049 quoe
811 1961 1003 2049 eipoenam
1023 1959 1217 2047 constituit,
1239 1957 1294 2046 qui
1311 1972 1365 2044 pc·

130 2081 132 2086 ·
267 2059 366 2128 cunio
387 2061 550 2149 corrumpi
569 2078 609 2128 se
628 2079 750 2150 passus
769 2061 887 2134 inisset
906 2058 1042 2154 (Polyb.
1062 2063 1195 2148 xxiii,
1217 2059 1257 2147 8,
1277 2050 1336 2147 8.)
1413 2119 1414 2162 ¹

276 2155 280 2165 '
348 2155 395 2250 c)
427 2162 544 2252 Leges
564 2160 608 2242 de
626 2159 1229 2252 reeipiendisremovendisvesucis.
1251 2154 1367 2242 Siquis
1413 2217 1414 2266 ¹

266 2260 406 2350 populus
432 2261 576 2330 foederis
606 2261 716 2330 adhuc
736 2282 857 2352 expers
878 2281 918 2330 sc
938 2280 1067 2351 quoque
1086 2263 1198 2351 recipi
1215 2257 1368 2338 ,voluisset
1413 2319 1414 2366 ¹

219 2412 221 2418 .
267 2361 303 2430 in
322 2361 534 2431 Achaeorum
561 2363 771 2452 societatem,
802 2364 834 2432 ei
864 2364 951 2436 baec.
970 2367 1069 2430 erant
1088 2362 1241 2452 praetori
1258 2356 1365 2444 decla·
1413 2377 1414 2466 ¹

262 2458 401 2548 rande„
422 2463 477 2548 qui
506 2480 577 2530 rem
606 2462 670 2528 sibi
688 2464 888 2552 patefactam
909 2480 1024 2530 coram
1044 2456 1189 2532 concilio
1214 2455 1364 2549 exposuit·
1413 2519 1414 2566 ¹

268 2559 420 2649 Recepto
440 2559 560 2630 deinde
579 2563 719 2652 populo,
741 2564 794 2630 cui
813 2579 952 2650 aequum
974 2581 1048 2630 cum
1069 2563 1200 2648 ceteris
1220 2561 1272 2628 ius
1293 2573 1366 2624 con·
1413 2581 1414 2590 ¹

266 2659 467 2752 cedebatur,
497 2663 668 2734 columnae
695 2668 824 2732 exscui
851 2663 1004 2732 colebant
1027 2655 1065 2732 'in
1092 2661 1295 2753 receptionis
1319 2656 1364 2722 le·

109 2815 113 2836 ,
219 2775 221 2778 ·
267 2763 414 2852 gumque
434 2763 604 2834 societatis
636 2762 918 2834 observandarum
945 2766 1137 2834 memoriam
1169 2759 1307 2856 (Polyb.
1325 2754 1364 2840 ll,

260 2857 354 2954 δί).
396 2859 558 2956 Quattuor
577 2883 660 2934 uero
681 2865 793 2953 urbes,
815 2884 901 2953 quae
921 2867 1047 2955 prinae
1068 2867 1230 2950 coierant,
1253 2859 1363 2946 nullum

191 3001 194 3012 ·
268 2960 487 3032 condiderunt
505 2970 747 3034 monumentum
767 2968 819 3034 sui
840 2985 1027 3036 consensus
1047 2967 1090 3032 in
1119 2961 1363 3032 renovationem

269 3061 479 3152 pristinorum
492 3065 669 3152 patriorum
681 3066 917 3156 instituturum,
939 3068 1015 3155 quia
1028 3083 1143 3134 omnes
1158 3062 1275 3134 eodem
1286 3065 1362 3128 tem-

135 3243 138 3250 λ
269 3180 353 3251 pore
372 3163 458 3232 ultro
473 3165 732 3236 consentiebant
752 3171 786 3234 ct
808 3167 939 3236 coibant
958 3167 994 3234 iu
1014 3184 1112 3234 unum
1132 3182 1267 3254 corpus,
1287 3148 1363 3245 quod

269 3263 346 3349 quia
361 3279 388 3346 ‚a
406 3266 537 3334 nemine
552 3283 665 3354 ‚neque
686 3267 874 3357 rogabant,
903 3285 1012 3354 neque
1031 3265 1269 3354 impetrabant,
1296 3255 1360 3324 ideo

127 3420 132 3426 ,
267 3380 412 3444 ¹necesse
431 3385 499 3434 nou
514 3371 594 3444 „erat
613 3367 684 3434 cius
704 3369 770 3456 rei,
792 3371 883 3436 cuius
898 3386 1012 3446 omues
1026 3367 1090 3434 sibi
1103 3365 1232 3436 conscii
1245 3357 1359 3438 essent⁷

270 3479 294 3529 a
313 3464 353 3531 se'
372 3465 459 3544 ultro
475 3472 657 3554 susceptae
677 3473 713 3536 et
732 3473 892 3558 peractae
912 3469 1012 3534 ullum
1035 3467 1200 3556 publicum
1221 3455 1359 3560 ¹occulere

269 3570 520 3634 monumentum.
562 3567 641 3634 Alia
660 3587 717 3636 res
738 3575 813 3636 erat
831 3571 868 3635 in
886 3569 1020 3656 reliquis
1047 3567 1256 3650 civitatibus,
1283 3569 1358 3644 (11³⁰

270 3663 474 3750 postmodum
494 3665 591 3733 adid
606 3667 726 3750 ‚foedus
748 3665 972 3757 accedebant,
994 3667 1108 3755 qmbus
1129 3665 1257 3756 publico
1271 3652 1358 3734 testie

270 3764 379 3832 monio
404 3767 518 3834 caueri
545 3787 627 3856 opus
657 3773 731 3836 erat
759 3767 911 3856 (Reiske
944 3765 988 3834 ad
1013 3767 1128 3856 Polyb.
1155 3766 1207 3851 ΙΙ,
1233 3761 1288 3856 41,
1309 3750 1356 3832 1²2

271 3861 365 3942 cuius
406 3863 496 3932 banc
536 3870 735 3935 sententiam
773 3861 858 3952 salso
899 3869 1103 3960 Mpugnauit
1143 3862 1272 3934 Censor
1309 3843 1354 3918 td·

271 3959 551 4056 Schweiglnaeus.
570 3968 593 4033 l.
615 3985 652 4057 c..
673 3990 705 4057 p.
725 3959 772 4032 8.
788 3967 903 4057 Polyb.
923 3961 975 4036 IV
981 4013 992 4056 ,
1012 3970 1062 4034 15.
1084 3954 1207 4051 XXV}
1227 3944 1355 4048 l-t}

271 4059 380 4153 Nemo
400 4069 509 4134 autem
529 4067 633 4154 recipi
654 4065 758 4156 potuit
777 4068 842 4135 nisi
862 4069 1002 4136 omnium
1023 4083 1190 4136 consensu
1215 4057 1247 4126 id
1274 4050 1354 4122 esset

195 4189 202 4200 r
273 4177 468 4248 concessum
497 4161 632 4258 [Polyb.
660 4165 800 4256 XXIV,
821 4170 912 4251 127-
925 4170 984 4256 25,
1014 4161 1077 4258 4.)
1126 4156 1262 4252 Quando
1281 4163 1352 4221 vert

271 4259 396 4348 ‚ciuitas
422 4264 491 4362 ula
509 4265 690 4359 seiungere
718 4286 758 4370 se
786 4284 811 4335 c
847 4267 1008 4364 societate
1035 4257 1094 4336 aut
1112 4263 1271 4368 deserere
1289 4262 1353 4348 eall
