2902 4956
408 313 767 411 '—c5-

72 528 246 596 stccratius
267 527 386 614 ubique
406 524 582 594 emundas
611 531 773 594 curasset.
817 521 995 600 0btinebat
1024 527 1078 596 bic
1109 533 1162 598 in·

72 629 180 695 stituta
203 629 351 696 civitatis
371 623 516 694 mutandi
535 641 607 694 ntus
633 625 872 716 perditissimus
898 646 1072 716 rerumque
1101 651 1163 700 no-

72 745 182 796 varum
201 725 293 796 istud
313 725 471 815 studimn,
491 745 558 794 nnn
579 727 684 795 scium
704 727 791 816 apud
812 726 979 817 Graecos,
1001 727 1062 798 sed
1079 731 1165 820 apud

70 845 177 894 omnes
199 828 274 894 fere
294 827 498 914 antiquitatis
518 827 664 916 populos.
684 827 749 914 (Oi.
769 827 865 896 Diod
880 825 949 898 Sic.
963 829 1093 918 XVIII,
1113 835 1166 899 bt.

70 925 248 994 Ilrumunn.
280 930 302 994 Ι.
331 945 361 994 c.
383 929 527 996 Hesion.
553 925 592 993 Τ.
614 927 692 994 XV.
713 945 745 1017 p.
766 931 818 994 bb.
839 948 888 1018 sq.
911 926 950 998 0.
970 931 1112 999 Mueller
1131 933 1165 999 In
1194 987 1197 998 ,

70 1023 187 1094 (iesch-
211 1028 345 1094 Hellen.
367 1025 515 1094 stimme
534 1025 601 1094 und
622 1023 758 1116 Stiidte,
780 1027 819 1094 Τ.
839 1030 901 1115 11.)

146 1127 274 1213 Neque
289 1128 376 1193 inter
389 1124 472 1194 duos
484 1131 611 1194 tantum
621 1127 666 1196 de
677 1127 842 1198 Graeciae
855 1131 987 1219 imperio
997 1129 1167 1219 discepta-

71 1223 177 1314 batur,
208 1245 324 1293 verum
352 1229 455 1313 enim,
484 1231 658 1315 postquam
685 1230 720 1296 in
745 1229 974 1299 Macedoniam
1001 1231 1167 1318 proiectus
1226 1277 1228 1282 -

69 1331 116 1390 est
136 1323 339 1393 Cassander
359 1333 394 1394 et
414 1328 468 1393 alii
487 1325 590 1395 duces
610 1328 682 1396 fieri
702 1348 769 1396 non
789 1347 890 1419 posse
910 1331 999 1416 rati,
1016 1332 1091 1416 quin
1112 1339 1168 1396 tu-

71 1429 131 1488 tum
161 1425 354 1492 obturarent
379 1427 563 1522 imperium,
592 1427 658 1494 nisi
684 1427 834 1498 Graecas
856 1429 918 1496 sibi
939 1430 1168 1518 subiecissent,

69 1524 246 1590 societates
279 1525 365 1590 inter
395 1543 434 1592 se
471 1527 614 1594 invicem
650 1529 774 1618 Iniere,
818 1530 933 1617 quibus
965 1529 1169 1598 Graecorum
1191 1555 1196 1574 ·

69 1627 247 1690 extremum
273 1623 436 1692 libertatis
466 1627 575 1694 lumen
607 1631 741 1718 penitus
768 1632 1048 1720 exstingueretur.
1099 1628 1168 1700 Se-
1214 1685 1216 1692 .

69 1728 208 1806 quuntnr
229 1723 505 1814 disceptationes,
525 1729 726 1818 inlmicitiae,
754 1731 842 1798 bella
863 1733 950 1798 inter
963 1731 1168 1820 Antigonum

13 1841 17 1856 ·
68 1827 97 1887 et
115 1813 368 1912 Cassandrum,
389 1827 474 1894 inter
494 1829 663 1916 utriusque
675 1831 839 1898 factIcnes
855 1831 1086 1898 fluctuantibus
1100 1831 1168 1898 Pc-

66 1920 302 2010 lysperchontc
328 1927 461 2014 einsqnc
489 1927 555 1996 iilic
575 1928 780 1998 Alexandro.
822 1930 1050 2000 Alexandrum
1080 1929 1168 1997 Ces·

68 2021 189 2092 eander
216 2023 439 2112 Peloponnesi
469 2025 585 2095 ducem
616 2031 785 2096 comtitnit
815 2027 926 2113 (Diod.
958 2027 1027 2096 Sic.
1061 2029 1167 2116 xix,

68 2140 92 2186 c.
117 2127 168 2190 ll.
202 2127 257 2189 ab.
285 2127 336 2190 ab
363 2129 514 2194 stt-oa.
535 2131 685 2194 cu--ts
706 2127 807 2197 Puns
828 2123 966 2219 1,att.)‚
992 2147 1056 2215 quc
1076 2129 1165 2196 iacto

67 2221 317 2314 Polysperchon
338 2224 527 2296 Corinthum
548 2235 582 2296 et
603 2227 782 2317 Sicyonem
802 2235 952 2316 occupat.
994 2229 1068 2295 Pax
1087 2235 1166 2296 tan-

67 2319 134 2390 dem
153 2327 249 2392 inter
268 2325 507 2418 Ptolemaeum,
527 2330 777 2418 Lysimachum,
799 2327 1044 2417 cassandrum,
1066 2330 1166 2398 Anti-

67 2443 186 2512 genum
207 2427 342 2498 sancita
354 2426 495 2498 Graecis
515 2429 701 2498 libertatem
719 2429 857 2498 donavit
878 2422 983 2516 (τοὺς
996 2423 1166 2522 Έλληνας

69 2519 288 2620 αὐτονόμους
308 2519 410 2606 εἶναι,
435 2527 532 2596 Diod
554 2529 661 2618 xix,
681 2532 753 2597 les
783 2529 873 2619 XX,
895 2533 946 2597 la
977 2527 1084 2598 Simili
1105 2549 1163 2598 ra-

68 2623 148 2694 tione
179 2632 303 2715 postea
328 2627 468 2696 Mnan
497 2629 649 2699 Graecus
679 2631 834 2698 libertate
854 2629 979 2698 donata
998 2627 1164 2716 decipiunt

68 2721 262 2814 falluntque,
283 2727 323 2793 ci.
339 2727 424 2796 Piub
438 2729 575 2798 Flamin.
589 2749 620 2798 c.
632 2733 665 2798 h.
684 2729 782 2799 Iliad.
795 2727 865 2798 sis
879 2731 973 2818 XIX,
992 2731 1080 2794 dd-
1090 2731 1161 2794 lut.

69 2821 140 2893 usu
163 2829 297 2916 xxvi,
318 2831 348 2893 1.
350 2833 384 2918 p.

141 2927 330 2995 Ptolemaei
348 2949 425 2996 mox
436 2923 439 2930 “
444 2931 610 3019 praesidia
629 2930 892 3020 Peloponnesum
919 2933 1082 3016 occupent
1102 2945 1164 2996 aa·

69 3037 124 3110 que
144 3028 285 3113 expellit
306 3027 509 3119 Demetrius,
541 3025 705 3122 Antigoni
724 3031 828 3117 iilius,
856 3030 1097 3118 principemque
1121 3047 1161 3094 se

70 3123 268 3194 Graecorum
288 3126 404 3194 ducem
424 3131 601 3198 creandum
621 3137 726 3198 curat
768 3127 840 3210 Quo
860 3136 936 3218 post
957 3130 1069 3196 varios
1089 3127 1159 3195 for-

69 3229 161 3294 tunae
184 3243 287 3294 casus
306 3226 437 3296 demuto
457 3237 663 3319 munusque,
682 3232 875 3319 Antigonus
895 3227 1046 3297 (lunatas
1066 3229 1159 3296 insn-

70 3327 174 3411 quenti
206 3332 354 3414 tempore
381 3329 599 3398 Macedonum
624 3327 759 3398 tandem
786 3329 922 3418 imperio
952 3330 1074 3417 putItus
1095 3333 1159 3416 est,

70 3427 117 3510 qui
135 3427 295 3516 princeps
315 3429 428 3517 stirpis
449 3431 567 3519 regiae
585 3433 621 3496 in
639 3430 838 3500 dlucedonia
867 3427 1008 3496 habetur
1038 3425 1058 3511 (
1061 3425 1157 3494 Diod

70 3521 131 3592 Sic.
152 3523 248 3612 XX,
267 3528 440 3594 oe—llc.
461 3531 546 3598 Plut.
566 3529 714 3598 Demetr.
735 3531 879 3596 lu-aa.
899 3528 988 3613 bh).
1052 3614 1054 3626 1

141 3625 248 3694 Panlo
279 3633 356 3714 post
385 3628 473 3696 Galli
500 3632 748 3719 impressionem
776 3631 811 3696 in
839 3627 1015 3696 Graeciam
1034 3625 1157 3694 iaciunt

70 3720 185 3807 (rsus.
207 3730 282 3815 vu,
301 3729 339 3815 s,
358 3732 389 3794 c
418 3732 506 3819 vm,
526 3735 584 3820 rs,
603 3734 634 3796 s
664 3731 717 3818 x,
736 3731 799 3818 ar,
817 3729 930 3794 a-s
951 3726 991 3792 or.
1012 3725 1155 3796 nosen

68 3842 135 3894 mea
154 3825 198 3893 dc
207 3826 366 3894 Achaicis
386 3829 487 3896 rebus
507 3831 738 3918 antiquissimis
757 3852 788 3918 p.
806 3825 894 3918 dd).
913 3827 1061 3916 Magnus
1081 3829 1154 3915 qui-

69 3919 137 3992 den
157 3925 310 3996 Graecos
335 3937 475 4018 occupat
494 3937 618 4019 terror,
647 3935 759 3998 tamen
778 3947 823 3997 ex
843 3927 1068 4013 Achaeorum,
1096 3946 1156 3994 so-

70 4025 184 4094 cictate
203 4027 420 4096 hmtamanda
439 4038 684 4118 occupatorum,
714 4048 849 4098 numero
874 4029 937 4096 suli
961 4027 1155 4113 Patreirses,

70 4141 146 4208 quos
165 4127 358 4196 Aetolorum
377 4129 499 4196 auxilio
519 4131 575 4196 vei
592 4132 689 4197 etiam
702 4131 844 4218 propriis
856 4128 1001 4214 viribus,
1021 4133 1155 4216 propter

71 4218 150 4294 banc
178 4229 285 4314 ipsam
312 4229 569 4318 expeditionem,
597 4231 661 4296 iam
688 4236 766 4298 ante
794 4245 914 4295 annum
933 4234 1081 4314 quonum
1102 4221 1154 4292 et

925 4336 947 4408 5
