2902 4956
468 383 640 458 -37
713 377 787 446 -.-’

85 571 174 640 men
190 559 371 638 nuen'ems
398 551 792 640 ammonentem
819 561 989 644 osteum
1016 575 1049 643 n
1075 573 1157 644 eona

84 672 152 738 in'n's
170 670 277 742 baiis
298 676 332 738 et
352 670 521 760 Dymaeae
540 673 644 740 fuisse
670 672 767 758 (Dor.
788 675 837 764 11,
857 678 958 756 420).
983 689 987 702 ’

614 841 666 904 11.

408 955 532 1022 oleran.
559 833 667 1022 {irus
703 957 822 1022 lisboa

151 1068 270 1138 Salia
289 1071 392 1138 ferme
412 1069 477 1136 XL
498 1071 688 1159 progressis
709 1089 731 1138 a
750 1071 858 1160 llyme
878 1073 974 1141 Piros
995 1075 1104 1143 onmis
1124 1077 1159 1144 in

83 1186 159 1235 nare
183 1167 350 1256 decurrit,
379 1167 421 1234 ad
451 1171 544 1239 cuius
574 1171 677 1258 ripam
703 1171 911 1240 Achaeorum
939 1175 1017 1242 urbs
1041 1179 1158 1244 ozam·
1280 1219 1284 1224 ·

83 1270 142 1334 olin
161 1271 366 1337 incolebatur
386 1271 472 1336 inter
492 1268 622 1358 Dymen
643 1275 677 1338 et
696 1271 817 1337 Patras
837 1269 1007 1366 (Mueller.
1028 1277 1062 1342 in
1077 1275 1158 1343 Dor.

83 1367 123 1455 11,
139 1363 241 1460 aaa).
271 1367 399 1436 Gellius
420 1388 502 1437 vero
522 1367 565 1462 (l.
588 1389 617 1436 c.
638 1392 670 1458 p.
690 1366 764 1462 24.)
785 1367 880 1439 Oleni
900 1372 1046 1464 vestigia
1065 1376 1161 1443 trium

82 1465 216 1534 horarum
241 1475 278 1536 et
307 1467 428 1534 dimidii
453 1471 560 1557 spatio
588 1476 736 1538 removet
765 1488 786 1536 a
811 1471 930 1540 Patris.
971 1473 1096 1540 Priscis
1117 1474 1161 1542 ibi

84 1569 264 1655 tenporibus
294 1569 409 1642 Iovem
428 1586 450 1634 a
471 1586 572 1656 capra
595 1571 750 1636 nutritum
775 1589 852 1639 esse
878 1577 912 1639 el
932 1571 1049 1638 sabulis
1071 1573 1163 1640 cele-

85 1665 223 1734 brabatur
249 1674 287 1736 et
310 1669 354 1734 ab
378 1669 486 1736 Arato
513 1670 547 1734 in
573 1669 813 1738 Phaenomenis
837 1667 896 1763 (v.
918 1674 989 1736 102.
1011 1675 1082 1737 103.
1108 1671 1164 1738 uhi

83 1764 135 1830 iil.
153 1764 333 1834 comment.
354 1768 381 1833 l.
401 1769 444 1834 Η.
465 1762 599 1858 Vossii)
618 1769 758 1834 refertur
777 1770 946 1858 versinus,
967 1789 1049 1856 quos
1069 1771 1164 1838 exci-

83 1869 154 1931 tatos
172 1865 301 1934 Strabo
321 1864 441 1960 (vul,
461 1869 493 1933 7.
514 1890 545 1956 p.
566 1863 661 1958 224.)
680 1867 777 1936 dedit
813 1869 892 1937 Hoc
914 1877 1022 1938 tamen
1043 1891 1108 1938 non
1129 1873 1164 1938 in

82 1965 143 2052 ipso
161 1964 268 2036 (lleno
291 1970 372 2034 urbe
392 1968 513 2034 laetum
534 1986 613 2034 esse
634 1970 765 2035 coniicit
784 1968 925 2038 Vossius
946 1990 966 2037 e
987 1969 1164 2038 Strabonis

82 2067 194 2133 verbis:
215 2068 366 2155 πλησίον
377 2061 529 2145 Ὠλένου,
552 2070 724 2154 vicumque
737 2068 831 2135 sillum
845 2090 889 2136 ex
902 2072 1042 2138 nominis
1055 2064 1164 2156 Αἴγυς

83 2167 276 2236 shnlitudine
297 2170 331 2236 in
353 2169 500 2235 confiniis
521 2163 618 2234 Oleni
637 2169 740 2246 fuisse
760 2171 852 2256 ponit
872 2170 1023 2258 elegam,
1052 2167 1164 2236 diver-

82 2282 139 2332 sam
163 2286 246 2337 sane
275 2271 317 2336 ab
345 2269 477 2357 longius
497 2270 631 2335 remotis
652 2269 762 2357 Aegis
781 2270 837 2336 vel
858 2269 978 2356 Aegio.
1019 2265 1165 2336 Senioris

84 2369 220 2454 temporis
251 2367 352 2436 (lleni
381 2388 443 2436 rex
473 2374 741 2438 commemoratur
771 2369 1004 2458 Dexamenus,
1034 2369 1069 2434 in
1101 2385 1165 2454 quo

85 2469 366 2538 tamcnyocabulo
392 2489 456 2536 nee
483 2470 615 2538 codices
641 2489 748 2556 neque
774 2472 973 2558 interpretes
999 2469 1060 2536 sibi
1081 2487 1164 2536 con-

86 2571 177 2654 snut,
195 2569 301 2656 dubii,
323 2577 429 2636 utrum
441 2587 507 2657 ‘pro
528 2572 717 2658 participio,
739 2589 783 2637 an
803 2589 863 2657 pro
883 2571 1011 2636 nomine
1031 2569 1163 2656 proprio

85 2665 322 2756 arthonensem,
343 2671 396 2756 qui
409 2671 586 2738 Herculem
606 2672 792 2738 muneribus
807 2671 1011 2757 hospitaliter
1024 2669 1164 2755 accepit.

86 2759 143 2854 (ce
161 2767 258 2836 eoos.
280 2771 325 2856 v,
344 2772 382 2854 a,
401 2775 432 2834 4„
452 2767 549 2836 onoc
570 2769 639 2836 sic.
659 2769 720 2857 nv,
739 2773 790 2834 aa.
812 2767 963 2855 Aponon.
983 2759 1165 2854 11‚s‚o.]

86 2861 210 2934 Parvum
224 2877 319 2937 certe
332 2871 375 2935 ab
389 2872 478 2938 initio
499 2871 573 2936 olim
594 2870 696 2938 luisse
717 2863 867 2956 oppidum
886 2872 1049 2934 testantur
1062 2865 1167 2953 elegi,

88 2981 154 3046 quos
171 2970 206 3037 in
225 2971 442 3056 Eurytionem
462 2969 660 3038 Centaurum
680 2970 757 3036 feeit
777 2969 1027 3035 Hermesionax.
1062 2961 1165 3033 cete-

87 3079 145 3130 rum
166 3069 230 3136 iam
255 3088 358 3156 snpra
384 3069 690 3156 animadvertimus,
718 3066 919 3136 Herodotum
939 3065 994 3158 (1,
1015 3059 1110 3156 145.)
1129 3070 1165 3132 et

87 3159 240 3252 Polybium
258 3167 332 3262 (11,
352 3164 427 3259 41.)
451 3170 546 3236 huius
567 3171 656 3236 urbis
676 3169 873 3234 mentionem
894 3165 1022 3253 quidem
1041 3165 1165 3252 lacere,

88 3262 167 3334 simul
186 3275 297 3336 tamen
316 3270 404 3336 hunc
423 3287 568 3354 monere,
589 3289 649 3336 sno
663 3275 809 3356 tempore
828 3269 893 3333 iam
913 3265 968 3334 vel
988 3265 1166 3352 interiisse,

87 3364 133 3428 vel
151 3373 240 3435 certe
260 3388 327 3435 non
347 3370 555 3456 superstitem
575 3369 695 3459 luisse3
724 3387 809 3455 quae
828 3367 956 3454 Polyhii
977 3365 1123 3430 narratio
1143 3381 1166 3428 a

88 3457 238 3532 Pausania
259 3469 377 3553 optime
398 3467 590 3554 illustratur,
612 3469 665 3554 qui
684 3467 929 3554 insequentibus
948 3462 1067 3530 deinde
1081 3469 1166 3528 tem-

88 3561 207 3642 poribus
228 3585 273 3634 ex
293 3563 398 3633 (llcno
427 3571 563 3654 propter
583 3568 726 3634 civitatis
746 3567 996 3634 imbecillitatem
1015 3563 1112 3628 Piras
1133 3565 1168 3628 et

88 3655 241 3748 Euryteos
260 3667 387 3732 incolas
408 3683 447 3730 se
468 3668 653 3756 recepisse,
674 3663 797 3733 Strabo
819 3671 928 3732 autem
947 3664 1090 3749 incolas,
1110 3661 1168 3728 vel

89 3771 193 3844 agrum
218 3770 341 3832 tantum
368 3763 464 3831 Oleni
490 3785 562 3832 cum
585 3765 744 3853 Dymaeis
769 3766 975 3832 coniunctum
1000 3781 1078 3830 esse
1103 3757 1167 3851 ait3

90 3861 211 3946 uterque
231 3865 264 3929 in
284 3883 325 3931 eo
346 3871 457 3930 tamen
477 3865 658 3951 consentit,
687 3863 772 3951 quod
793 3861 888 3931 Oleni
909 3865 1021 3930 ninas
1041 3865 1167 3928 tantum

91 3969 326 4044 commemorant
354 3960 475 4056 (Paos
504 3963 590 4051 vll,
618 3967 670 4030 22.
700 3961 811 4032 Strah.
833 3962 930 4050 vm,
950 3965 981 4027 7.
1009 3984 1040 4049 p·
1060 3953 1165 4049 m}

92 4046 292 4129 Quamobrem
304 4063 337 4127 in
350 4062 530 4128 Ptolemaei
544 4063 758 4152 Geographia
777 4083 844 4130 non
865 4063 907 4127 ab
928 4064 999 4148 ipso
1020 4061 1166 4138 auctore,

91 4151 143 4216 ael
160 4173 182 4220 a
200 4160 389 4244 glossatore
415 4159 554 4246 quodam
578 4163 665 4228 inter
690 4161 840 4228 Achaiae
865 4159 966 4225 urbes
989 4156 1166 4224 maritnuas

93 4241 217 4323 ⁰lfflum
235 4259 461 4346 interpositae
482 4277 559 4328 esse
580 4267 674 4328 recte
693 4261 859 4330 existimet
879 4258 1093 4340 bannerius,
1114 4251 1169 4337 qui
