2842 4950
447 358 1003 435 ·-261-.-

84 555 188 626 torum
208 547 360 634 utrinqne
380 547 492 614 verba
505 545 713 640 ιιιιιιιιιιιιι,
713 518 809 644 quum
829 553 975 637 referant
994 556 1175 642 magistra-

84 637 153 737 tus,
179 664 283 734 quum
302 664 431 742 praeco
446 647 490 714 ad
510 647 712 717 suadendum
733 658 855 740 vocet,
881 652 1094 722 obmutuistis.
1135 655 1176 726 Si

83 768 147 815 non
175 765 259 813 cura
284 747 463 820 communis
492 749 626 836 salutis,
653 768 697 816 ne
725 751 832 820 studia
840 751 1005 858 quidem,
1037 759 1176 857 quaein

83 849 167 916 hanc
187 855 248 915 aut
268 849 357 914 illam
365 851 505 936 partem
525 849 651 918 ammos
673 856 806 918 vestros
825 833 1039 949 inclinarunt,
1060 845 1177 925 vocem
1302 907 1309 916 .

85 950 234 1034 cuiquam
255 953 395 1064 possunt
415 940 626 1036 exprimere?
657 967 753 1036 quom
778 954 975 1039 praesertim
995 972 1090 1023 nemo
1110 962 1199 1028 taru-

83 1047 183 1115 hebes
204 1050 263 1136 sit,
286 1049 340 1134 qui
359 1049 518 1138 ignorare
537 1050 658 1138 possit,
679 1047 811 1118 dicendi
831 1069 873 1118 ac
888 1052 1072 1143 suadendi,
1091 1056 1178 1149 qnod

83 1148 217 1233 quisque
238 1153 299 1215 aut
324 1149 426 1237 velit,
455 1153 513 1215 aut
541 1150 694 1237 optimum
720 1156 827 1238 putet,
857 1169 945 1218 nunc
970 1156 1177 1224 occasionem
1215 1205 1217 1217 .

82 1265 178 1335 esse,
199 1248 392 1336 priusquam
412 1245 583 1337 quidquam
596 1247 821 1318 decernamus.
863 1251 928 1318 Ubi
941 1251 1044 1322 semel
1057 1251 1177 1333 decre-

82 1349 145 1412 tum
166 1349 256 1435 erit,
282 1348 430 1415 omnibus
450 1345 500 1436 id,
527 1349 626 1416 etiam
646 1350 762 1437 quibus
782 1338 861 1419 autc
880 1348 1099 1440 displicuerit,
1119 1375 1178 1442 pro
1200 1349 1204 1356 ’
1253 1391 1257 1402 ¹

82 1445 165 1516 bono
186 1453 292 1536 atque
316 1449 385 1518 utili
413 1446 548 1516 loedere
563 1446 820 1518 defendendum
869 1451 966 1518 Haec
994 1451 1178 1522 adhortatio
1264 1456 1271 1476 ⁸
1406 1407 1411 1417 Ι

83 1549 248 1633 praetoris
268 1567 337 1616 non
356 1546 452 1616 modo
470 1545 660 1636 quemquam
672 1568 770 1618 unum
784 1549 895 1618 elicuit
908 1549 951 1618 ad
965 1551 1177 1642 suadendum,

81 1645 204 1726 sedne
224 1648 387 1718 fremitum
407 1647 536 1734 quidem
555 1655 613 1716 aut
632 1669 775 1718 murmur
788 1651 963 1720 ,concionis
979 1657 1111 1740 mutae,
1132 1671 1177 1720 ex
1242 1711 1248 1726 .

81 1751 126 1814 tot
145 1748 279 1838 populis
300 1753 548 1836 congregatae,
568 1750 679 1816 movit
792 1801 795 1810 ι

9 1851 11 1858 “
159 1848 247 1914 'lum
267 1846 467 1913 Aristaenus
487 1852 772 1934 praetermisere:
793 1850 871 1917 Non
884 1851 993 1939 magis
1007 1852 1178 1927 consilium

80 1947 191 2034 vobis,
228 1946 396 2034 principes
423 1945 652 2030 Achaeorum,
685 1944 800 2034 deest,
834 1967 930 2032 quam
955 1951 1087 2038 lingua,
1114 1951 1175 2019 sed

79 2065 151 2113 suo·
170 2045 310 2132 quisque
342 2044 489 2132 periculo
518 2047 554 2110 in
568 2101 569 2108 ,
582 2062 751 2112 commune
785 2050 968 2114 consultum
998 2041 1065 2116 non
1095 2051 1175 2118 vult.

80 2146 236 2222 Forsitan
264 2163 331 2238 ego
358 2161 487 2231 quoque
511 2148 672 2232 tacerem,
699 2147 730 2210 si
748 2145 898 2232 privatus
918 2164 1037 2214 essem.
1077 2147 1178 2216 Nunc

78 2250 216 2332 praetor
236 2239 354 2331 uideo,
384 2249 442 2328 aut
468 2263 536 2311 non
552 2243 707 2316 ¹dandum
727 2246 898 2315 concilium
919 2245 1044 2336 legatis
1063 2246 1178 2334 scrisse,

77 2350 133 2411 aut
160 2341 242 2409 inde
271 2345 346 2410 sine
373 2361 535 2432 responso
564 2362 624 2414 eos
652 2343 953 2418 dimittendosnon
975 2363 1062 2414 csse.
1102 2347 1175 2422 lle-

79 2440 251 2532 spondere
267 2447 401 2530 autem,
435 2444 500 2510 nisi
527 2462 571 2511 ex
593 2451 716 2512 voestro
743 2443 912 2532 decreto,
930 2447 985 2531 qui
1011 2437 1185 2533 pessumi.

78 2545 123 2611 ιιι
146 2541 280 2630 quando
300 2559 397 2610 nemo
425 2548 590 2633 vestrum,
621 2546 730 2632 quiin
750 2544 814 2612 hoc
835 2545 1003 2612 concilium
1023 2541 1178 2614 advocati

81 2645 180 2732 estis,
201 2663 262 2731 pro
282 2642 449 2714 sententia
469 2641 641 2730 quidquam
654 2641 766 2710 dicere
780 2645 869 2730 vult,
891 2647 948 2709 aut
961 2641 1076 2732 audet,
1098 2661 1176 2712 ora-

81 2745 187 2812 tiones
220 2743 405 2831 legatorum
433 2743 592 2809 hesterno
617 2740 671 2808 die
696 2741 803 2810 dictas
823 2762 883 2830 pro
904 2745 1078 2820 sententiis
1097 2763 1177 2830 per-

83 2859 296 2929 censeamus,
320 2839 457 2928 perinde
478 2860 519 2908 ac
539 2861 606 2911 non
625 2843 886 2930 postulaverint,
908 2857 992 2928 quae
1013 2859 1042 2908 e.
1055 2861 1093 2910 re
1113 2863 1176 2912 sua
1254 2887 1257 2895 ·

84 2947 214 3030 essent,
243 2940 304 3008 sed
330 2943 512 3030 suaserint,
541 2959 626 3029 quae
652 2941 748 3012 nobis
775 2948 954 3014 censerent
977 2944 1070 3016 utilia
1089 2963 1176 3014 esse.
1240 2964 1242 2969 ·

83 3041 220 3112 Romani
254 3041 437 3129 Rhodiique
472 3047 507 3110 et
539 3041 675 3109 Attalus
709 3037 902 3110 societatem
938 3043 1185 3130 amicitiamque

85 3149 238 3222 nostrum¹
260 3148 396 3231 petunt,
431 3147 477 3214 et.
492 3144 527 3212 in
553 3142 659 3231 bello,
697 3140 783 3230 quod
807 3141 971 3210 aduersus
998 3143 1179 3231 Philippum

85 3250 223 3332 gerunt,
253 3263 293 3322 se
321 3261 344 3308 a
370 3243 465 3312 nobis
491 3241 641 3310 adiuvari
661 3260 799 3330 aequum
821 3249 971 3312 censent
1011 3244 1188 3330 Philippus,

86 3345 252 3412 societatis
273 3361 385 3410 secum
406 3341 560 3411 admonet
581 3349 615 3410 et
635 3341 843 3410 iurisiurandi
860 3349 897 3409 et
915 3340 1011 3408 modo
1024 3343 1185 3428 postolat,

86 3444 118 3505 ut
144 3462 260 3518 secum
286 3449 431 3529 stemus,
460 3441 625 3514 modone
651 3443 838 3510 intersimus
851 3441 965 3506 -armis
991 3445 1183 3506 contentum·

86 3539 128 3604 ait
146 3561 185 3620 sa
200 3560 294 3610 esse.
335 3543 471 3618 Nulline
496 3541 589 3609 venit
617 3541 652 3606 in
671 3547 831 3629 mentem,
860 3559 941 3627 our,
962 3541 1017 3624 qui
1037 3535 1179 3606 nondum

89 3643 163 3706 socii
184 3647 282 3728 sunt,
302 3643 377 3728 plus
397 3646 528 3728 petant,
550 3657 646 3728 quam
666 3631 804 3708 socius‘t
846 3639 925 3706 Non
944 3637 980 3704 fit
994 3638 1188 3725 hocneque·

89 3739 244 3810 modestia
263 3741 402 3828 Philippi
427 3758 535 3826 neque
559 3739 758 3830 impudentia
777 3739 1006 3808 Romanorum.
1050 3738 1189 3807 Achaei
1260 3817 1262 3824 y

88 3847 196 3922 portus
218 3847 253 3910 et
273 3840 354 3908 dant
374 3839 523 3913 fiduciam
542 3839 782 3928 postulantibus
804 3844 838 3906 ct
858 3837 1000 3906 demunt.
1038 3837 1180 3925 Philippi

91 3946 229 4030 praeter
237 3941 386 4030 legatum
411 3938 560 4007 videmus
579 3940 668 4008 nihil.
710 3941 860 4007 Romana
873 3939 1002 4006 classis
1024 3937 1066 4004 ad
1087 3936 1183 4004 Cen.

93 4036 209 4120 ebreas
221 4047 297 4120 stat
317 4040 443 4108 urbium
463 4039 623 4108 Euboeae
644 4041 749 4126 spolia
775 4058 857 4128 prae
878 4057 916 4107 se
936 4040 1069 4124 ferens,
1098 4054 1180 4102 con-

93 4136 191 4206 sulem
220 4143 437 4232 legionesque
472 4141 544 4208 eius
579 4139 702 4229 exiguo
732 4141 833 4208 maris
864 4140 971 4227 spatio
998 4137 1179 4205 disiunctas

93 4231 259 4340 Phocidem
280 4260 321 4310 ac
347 4239 521 4312 Locridem
549 4243 778 4328 pervagantes
805 4237 965 4316 videmus
1006 4230 1180 4322 Miramini,
