2864 4960
677 397 1075 482 ·--102··-Ι

273 562 421 698 ητίοτειῐι
444 602 698 691 Polybianarum
726 599 933 669 historiarum
962 598 1139 668 editionem
1166 601 1277 666 statim
1301 609 1366 688 post

279 717 401 775 annum
429 705 493 770 677
517 701 557 769 U.
580 699 617 770 Ο.
648 696 962 789 (=181et*l1r.)
989 696 1176 788 ponendam
1204 717 1297 786 esse,
1310 718 1365 785 quo
1411 695 1412 776 ἒ

187 899 191 902 -
278 822 365 876 anno
385 801 637 872 Lacedaemonii
657 807 733 890 post
753 800 1015 888 Philopoemenis
1036 801 1157 866 obitum
1169 799 1365 866 Achaeorum
1411 823 1412 906 η

279 907 433 984 societati
460 907 685 971 accesserant.
736 899 832 968 llaec
860 919 943 968 vero
972 918 1011 968 se
1048 901 1215 988 opinatum
1253 905 1366 966 tentum
1411 929 1412 982 ;

279 1026 358 1076 esse
387 1011 487 1094 atque
521 1003 705 1072 coniecisse
737 1003 809 1089 ipse
841 999 992 1067 declarat
1022 997 1366 1089 Schweighaeuserus.
1411 985 1412 1080 l

207 1161 211 1166 .
278 1108 367 1175 Nam
394 1124 439 1174 ex
458 1105 529 1197 ipso
549 1105 604 1171 illo
625 1103 698 1172 loco
719 1107 845 1168 tantum
866 1103 1022 1188 apparet,
1053 1105 1139 1186 tum,
1156 1118 1258 1186 -quum
1277 1099 1367 1186 Poly·
1411 1103 1412 1108 ’

94 1252 95 1261 1
194 1263 196 1268 .
281 1207 352 1274 bius
372 1206 457 1273 haec
486 1204 637 1292 scripsit,
666 1201 854 1268 Messenios
880 1205 969 1269 tutos
995 1218 1018 1266 a
1043 1198 1367 1268 Lacedaemoniorum

279 1305 518 1374 incursionibus
538 1303 713 1390 tranquilla
734 1302 891 1368 bonorum
911 1319 1042 1366 suorum
1063 1301 1277 1388 possessione
1301 1317 1367 1366 esse

280 1408 431 1497 gavisos.
473 1401 543 1471 Sed
566 1405 595 1469 si
616 1403 690 1491 quis
711 1399 887 1488 aliquando
908 1405 1015 1466 motus
1037 1405 1094 1466 aut
1114 1401 1249 1468 mutatio
1273 1403 1366 1466 status
1411 1411 1412 1458 l

144 1561 146 1565 .
281 1507 459 1594 contigerit
478 1505 608 1570 unicam
629 1521 721 1590 spem
742 1519 920 1590 superesse
940 1501 1119 1567 Messeniis
1134 1506 1170 1568 et
1183 1498 1367 1591 Megalopo-

280 1607 397 1681 litanis.
411 1601 446 1670 in'
467 1605 543 1692 agri
563 1604 614 1668 sui
633 1603 847 1690 possessione
867 1601 1009 1689 posthac
1033 1597 1189 1667 manendi
1211 1619 1249 1666 se
1267 1597 1367 1666 videre

278 1705 360 1780 dicit
379 1704 545 1791 Polybius,
565 1703 595 1767 si
616 1719 689 1767 cum
709 1700 909 1788 Arcadibus,
928 1700 1021 1768 velut
1040 1699 1247 1768 naturalibus
1262 1715 1367 1765 serva-

281 1805 404 1873 toribus
425 1821 467 1870 ac
487 1801 716 1869 defensoribus
737 1803 816 1889 suis,
837 1799 997 1868 Messenii
1016 1800 1179 1867 societate
1192 1799 1291 1866 iuncti
1309 1815 1367 1864 orn·

281 1901 381 1974 nium*
395 1910 575 1992 temporum
610 1903 814 1989 omniumque
841 1916 951 1968 rerum
981 1901 1150 1967 sinceram
1176 1897 1285 1966 colant
1309 1913 1368 1962 eam

281 2006 484 2088 societatem
866 1989 870 1999 '
974 2051 975 2054 ,

364 2105 443 2172 Iam'
455 2103 651 2192 revertimur
672 2099 715 2167 ad
735 2102 878 2192 priorem
898 2099 1025 2188 Polybii
1045 2101 1154 2166 locum
1179 2100 1235 2187 (ll,
1253 2099 1304 2186 78,
1321 2097 1379 2181 d),

285 2205 337 2272 ubi
356 2203 399 2271 de
419 2204 559 2270 Achaici
574 2197 722 2270 ‘foederis
743 2203 935 2270 celebritate
955 2201 1114 2287 loquitur:
1144 2203 1222 2278 πῶς
1242 2184 1300 2266 οὖν
1319 2197 1368 2262 καὶ

284 2299 344 2373 διὰ
372 2309 408 2370 τί
436 2300 495 2371 νῦν
524 2303 727 2368 redeuutem
758 2285 859 2366 οὗτοί
886 2322 933 2379 re,
954 2305 1015 2366 aul
1035 2293 1076 2366 τὸ
1097 2296 1226 2368 λοιπὸν
1241 2299 1367 2386 ’πλῆθος

282 2403 673 2492 τῶνΠελοποννησίων,
693 2395 769 2474 ἅμα
789 2394 851 2489 τὴν
873 2398 1054 2466 πολιτείαν
1070 2402 1145 2468 τῶν
1157 2397 1305 2483 Ἀχαιῶν
1318 2399 1367 2464 καὶ

283 2497 346 2596 την
366 2509 601 2589 προςηηορίαν
622 2495 884 2592 μετειληφότ7ς;
916 2502 969 2588 qui
989 2501 1097 2588 igitur·
1110 2501 1233 2569 factum
1254 2505 1317 2586 est,
1339 2500 1367 2560 ui

284 2607 428 2684 nuncet
449 2603 480 2668 hi
500 2603 562 2690 ipsi
581 2598 856 2695 (Lacedaemonii
878 2606 912 2668 et
932 2595 1106 2693 Arcades)
1120 2609 1155 2670 et
1177 2590 1290 2688 reliqui
1309 2617 1366 2665 orn-

221 2767 222 2770 ,
282 2723 345 2774 nes
373 2723 433 2792 per
460 2703 722 2789 Peloponnesum
741 2703 849 2790 populi
877 2703 962 2769 bene
983 2721 1106 2768 secum·
1124 2708 1234 2770 actum
1259 2693 1365 2790 putent,

274 2803 373 2894 ¹qnod
402 2821 475 2878 curn
499 2801 648 2868 Achaeis
675 2804 764 2870 etin
785 2803 984 2891 reipublicae
1005 2808 1039 2869 et
1059 2804 1094 2870 in
1114 2804 1254 2872 nominis
1274 2797 1366 2866 socie-

283 2908 386 2970 tatem
407 2893 614 2990 coaluerint?
655 2900 810 2970 Defendit
835 2903 880 2969 ibi
901 2899 1096 2991 Schweigh.
1122 2905 1293 2972 lectionem
1316 2915 1366 2961 an·

282 3005 453 3091 duriorem
475 3001 668 3085 εὐδοκοῦσι,
689 3003 836 3070 contenti
855 3006 951 3090 sunt,
972 3020 1058 3088 quae
1081 3005 1193 3071 statim
1216 2997 1250 3092 s.
1267 3002 1295 3065 7.
1318 3011 1365 3062 oc·

284 3105 403 3192 currit,
431 3099 572 3191 indeque
602 3101 766 3172 concludit
787 3109 875 3190 tum,
906 3122 1001 3189 quum
1021 3103 1106 3170 haec
1127 3103 1261 3192 scripsit
1278 3097 1364 3181 Poly-

283 3203 369 3292 bius,
390 3203 601 3272 Achaeorum
621 3201 866 3271 foedussdhuc
886 3223 954 3270 non
976 3221 1053 3271 esse
1068 3203 1271 3288 dissolutum,
1292 3209 1365 3264 anno

197 3370 204 3384 ,
284 3304 411 3372 scilicet
430 3305 494 3371 677
517 3303 558 3372 U.
589 3301 627 3371 0.
656 3321 753 3390 quum
771 3299 1027 3371 Lacedaemonii
1054 3299 1296 3372 seseAchaeis
1315 3289 1364 3360 ad·

254 3427 258 3442 ¹
283 3405 469 3472 iunxerant
488 3446 490 3452 -
512 3401 729 3472 casaubonus
749 3409 859 3470 autem
879 3422 952 3470 eum
973 3403 1148 3471 lectionem
1170 3406 1300 3470 secutus
1313 3396 1364 3476 est,

283 3522 381 3591 quam
401 3503 527 3582 Strabo
545 3504 581 3570 iu
602 3502 744 3570 editione
764 3521 827 3570 sua
846 3503 974 3590 Polybii
994 3506 1128 3592 reperit,
1150 3497 1364 3588 εὐδοκιμοῦσι,

283 3621 380 3688 quam
406 3605 655 3692 interpretatore
684 3604 801 3670 famam
833 3603 1002 3670 obtinent*
1033 3599 1106 3684 Qua
1127 3603 1254 3692 quidem
1272 3597 1364 3665 mutt-

282 3703 374 3770 tione
393 3709 495 3777 totum
516 3703 733 3771 labefactatum
754 3700 1071 3792 Schweighaeuseri
1091 3705 1322 3794 argumentum,
1335 3691 1364 3752 nl

282 3801 368 3872 baec
397 3821 524 3890 quoque
550 3806 655 3871 verba
681 3803 759 3872 nihil
781 3803 918 3890 amplius
938 3805 1054 3872 valere
1074 3804 1263 3887 videantur,
1284 3803 1364 3880 quam

285 3919 370 3987 quac
391 3901 548 3991 leguntur·
568 3923 597 3970 c.
617 3907 670 3992 et,
692 3907 752 3968 10:
774 3897 939 3992 τοιαύτην
951 3908 1013 3970 καὶ
1027 3897 1232 3994 τηλικαύτην
1250 3893 1363 3964 ἐντοῖς

282 3999 463 4091 καθ’ἡμᾶς
483 4013 620 4088 καιροῖς
646 3999 725 4089 ἔσχε
753 3999 938 4096 προκοπην
969 4009 1027 4072 καὶ
1057 3989 1251 4072 συντέλειαν
1271 3991 1362 4060 τοῦτο

283 4093 326 4168 ῖό
343 4093 479 4190 μέρος,
512 4094 601 4167 ὥστε
628 4095 674 4194 μὴ
700 4097 873 4192 μόνον-
893 4111 1080 4172 κοινωνίαν
1110 4093 1284 4192 γεγονέναι
1311 4088 1363 4154 θθῐ·

281 4195 348 4280 our
356 4219 471 4268 omnes
484 4201 549 4269 loci
562 4201 604 4270 de
618 4223 658 4271 eo
672 4209 818 4294 ternpore
830 4201 1035 4295 intelligendi
1047 4211 1135 4294 sunt,
1149 4220 1211 4290 quo
1225 4191 1363 4264 Achaeo·

281 4318 353 4370 rum
378 4317 486 4370 rerum
516 4304 718 4392 publicarum
745 4303 887 4394 partem
902 4307 1042 4394 aliquam
1077 4305 1190 4394 attigit
1215 4287 1363 4380 Polybius.
