2842 4950
501 319 772 400 -241-

89 509 357 604 aggredinntm,
386 516 422 582 ct
445 517 570 581 tentem
589 517 690 600 atque
707 513 952 584 inconsiderate
970 533 1031 605 per
1049 515 1184 606 iussam,

90 629 182 699 quae
214 609 408 680 intermedia
442 614 536 698 erat,
578 619 687 694 ruunt.
745 615 989 703 Philopoemen,
1012 618 1115 705 igitur
1149 622 1188 686 ut
1280 667 1283 676 r

88 713 232 799 primum
251 711 337 778 bene
360 710 534 800 gerendae
559 713 611 780 rei
635 711 799 782 adversus
824 709 942 784 hostes
970 715 1103 783 occasio
1123 733 1188 782 ex-

90 813 196 899 stitit,
217 829 313 899 quam
333 813 434 879 multo
454 817 535 879 ante
554 811 783 902 praeviderat,
805 815 951 882 omnibus
971 815 1083 883 statim
1102 815 1190 902 pha·

89 911 234 1002 langitis
273 912 418 977 sarissas
459 910 638 978 inchnandi
679 918 713 979 et
753 910 955 980 succedendi
988 914 1023 980 in
1057 912 1188 982 hostem

91 1009 231 1096 signum
261 1007 361 1076 dedit.
404 1003 509 1104 Quum
536 1009 665 1076 Achaei
699 1030 764 1078 uno
796 1027 962 1078 consensu
988 1018 1024 1080 et
1048 1011 1189 1100 terribili

49 1126 50 1134 ¹
92 1109 241 1174 clamore
261 1105 349 1175 edito
369 1109 523 1197 impetum
547 1110 723 1198 fecissent,
751 1108 1026 1198 Lacedaemonii,
1054 1129 1191 1200 quorum

92 1204 230 1274 ordines
256 1207 322 1274 iam
347 1212 443 1295 ante,
471 1207 548 1276 dum
573 1210 662 1276 intra
689 1209 813 1276 fossam
840 1205 1062 1296 descendunt,
1091 1210 1192 1278 soluti
1318 1214 1320 1232 “

92 1314 210 1394 erant,
238 1311 326 1374 metu
351 1305 492 1374 hostium
523 1323 544 1372 e
571 1306 732 1393 superiori
757 1307 832 1376 loco
860 1307 1082 1397 pugnantium*
1108 1325 1191 1396 per·

92 1405 196 1492 culsi,
216 1421 297 1492 pars
316 1405 351 1471 in
369 1404 483 1493 fugam
503 1407 659 1472 conversi
678 1411 776 1494 sunt,
795 1405 858 1474 sed
876 1409 1000 1498 ingens
1020 1404 1191 1476 multitudo

91 1507 128 1572 in
149 1506 225 1594 ipsa
243 1504 336 1570 iossa
354 1501 411 1592 alii
430 1501 474 1570 ab
498 1501 667 1592 Achaeis,
697 1501 810 1572 asnis
830 1507 888 1572 alii
907 1492 1058 1596 oppressi
1077 1506 1192 1594 perie-

91 1611 181 1674 runt
222 1605 341 1691 Neque
364 1603 450 1670 haec
478 1621 536 1671 res
555 1605 642 1676 forte
665 1606 797 1675 fortuna
816 1615 875 1676 aut
894 1626 939 1675 ex
958 1606 1136 1676 occasione
1155 1605 1192 1672 in

93 1706 183 1775 hunc
203 1702 331 1773 modum
350 1700 488 1791 accidit,
503 1702 572 1770 sed
590 1706 797 1794 imperatoris
818 1709 930 1778 evenit
950 1705 1108 1776 sollertia

176 1801 396 1874 Machanidas
417 1803 459 1871 ab
480 1804 699 1872 insectatione
716 1806 911 1895 fugientium
924 1793 1100 1874 revertens
1113 1823 1194 1872 suos

96 1908 307 1994 conspicatus
333 1905 368 1971 in
396 1903 511 1991 fugam
545 1920 685 1971 aversos
719 1909 927 1996 peregrinis,
961 1924 1044 1991 quos
1078 1921 1192 1972 secum

94 2005 257 2092 habebat,
293 2005 327 2072 in
354 2021 493 2072 cuneum
521 2004 632 2068 statim
652 2006 799 2091 coactis,
830 2023 892 2096 per
920 2003 1045 2072 medios
1065 2003 1193 2089 hostes,

96 2107 151 2192 qui
177 2105 292 2172 solutis
319 2102 484 2190 ordinibus
509 2102 679 2190 fugientes
707 2101 1013 2192 persequebantur,
1042 2099 1191 2169 evadere

96 2205 258 2294 tentavit,
285 2200 461 2290 desperato
481 2205 591 2268 autem
611 2219 673 2288 per
691 2207 825 2290 pontem
844 2204 987 2270 transitu
1007 2202 1101 2268 iuxta
1121 2200 1193 2268 ios-

96 2322 168 2372 sam
191 2303 384 2390 obequitans
403 2298 604 2370 commodum
624 2299 667 2366 ad
687 2300 924 2370 transeundum
944 2302 1052 2370 locum
1066 2317 1193 2392 magno

97 2401 282 2489 quaerebat
303 2419 412 2488 opere.
453 2401 686 2488 Philopoemen
717 2419 799 2468 vero
820 2401 876 2468 ubi
898 2417 942 2468 ex
961 2396 1192 2490 paludamento

96 2519 261 2591 purpureo
282 2505 317 2568 et
337 2500 411 2588 equi
429 2506 547 2569 ornatu
559 2497 792 2570 Machanidam
800 2501 961 2588 ›agnovit,
983 2498 1192 2570 Anaxidemo

96 2600 140 2668 ad
160 2602 271 2690 pontis
293 2599 471 2670 custodiam
489 2601 622 2687 relicto,
649 2602 722 2688 ipse
744 2617 818 2666 cum
837 2599 1006 2686 Polyaeno
1029 2595 1193 2686 Cyparis-

96 2703 191 2780 sensi
211 2707 245 2768 et
264 2697 417 2787 Simmia,
448 2701 501 2786 qud
521 2717 651 2787 semper
677 2699 713 2766 in
732 2698 868 2784 proeliis
889 2699 978 2764 soliti
998 2702 1095 2762 erant
1116 2714 1191 2764 eum

95 2803 258 2870 assistere
287 2817 329 2866 ac
357 2801 502 2888 ¹stipare,
530 2815 671 2887 propere
698 2797 842 2865 accurrit
868 2801 903 2862 et
925 2815 945 2863 e
967 2797 1109 2883 regione
1131 2797 1188 2880 ty-

91 2901 196 2968 ranni
222 2901 357 2986 eiusque
385 2899 533 2968 comitum
564 2917 608 2966 ex
635 2895 762 2964 modico
782 2894 957 2962 intervallo
978 2891 1190 2979 obequitavit.

93 3001 173 3069 Duo
194 3000 280 3066 enim
301 3004 413 3088 orant,
442 2999 496 3086 qui
516 3016 556 3067 se
574 3003 717 3084 tyranno
738 2996 993 3080 coniunxerant,
1012 2987 1189 3060 Anaxida-
1243 2975 1260 3001 ’χ

95 3119 171 3167 mus
203 3105 237 3166 et
269 3100 544 3166 mercenariorum
574 3098 700 3184 aliquis.
746 3089 884 3168 Statim,
902 3100 940 3160 ut
970 3089 1189 3160 Machanidas

96 3199 208 3268 locum
239 3203 358 3266 nactus
395 3199 524 3267 facilem
565 3196 609 3265 ad
648 3193 883 3265 transeundum
916 3195 1038 3262 fossam
1071 3209 1190 3278 equum

98 3316 225 3388 magna
258 3299 294 3367 vi
327 3300 473 3387 impulit,
511 3316 694 3373 conversus
724 3297 759 3364 in
788 3314 861 3361 eum
891 3283 1123 3380 Philopoemen
1154 3293 1190 3355 et

99 3399 318 3468 traiicientem
337 3416 525 3486 aggressus
550 3399 686 3484 inipso
715 3394 901 3461 discrimine
928 3399 1104 3478 tyrannum
1132 3388 1188 3454 in-
1262 3426 1264 3430 ·
1404 3461 1406 3468 ,

100 3499 240 3568 teremit.
283 3493 389 3564 Simili
421 3499 500 3566 item
532 3495 627 3565 modo
648 3491 875 3562 Anaxidamus
896 3491 941 3562 ab
959 3491 1001 3557 iis
1026 3485 1190 3573 equitibus
1251 3547 1253 3550 .

100 3604 154 3666 est
176 3601 355 3686 exceptus,
385 3598 438 3684 qui
463 3597 748 3686 Phdopoemenem
768 3591 1014 3662 comitabantur.
1056 3586 1192 3661 'lortius

99 3699 280 3788 periculum
301 3698 421 3766 evasit.
459 3695 612 3766 Simmias
632 3695 782 3786 spoliatis
801 3689 1019 3760 cadaveribus
1033 3691 1068 3754 et
1080 3687 1194 3756 ablato

100 3797 199 3865 simul
220 3814 292 3862 curn
314 3796 414 3863 armis
435 3797 543 3882 capite
562 3796 695 3885 tyranni
715 3793 758 3862 ad
779 3812 858 3862 suos
871 3786 1195 3880 brgientem-hostem
1265 3852 1267 3856 .

101 3902 343 3986 persequentes
365 3894 548 3984 contendit,
569 3899 623 3982 qui
644 3897 817 3964 alacritate
836 3894 871 3958 in
891 3891 1080 3956 immensum
1093 3893 1194 3954 aucta

102 3998 257 4088 Tegeam
277 3997 378 4082 primo
399 3998 520 4084 impetu
548 4001 707 4083 ceperunt
732 4001 766 4074 et
787 3997 920 4081 postero
942 3988 995 4055 die
1016 3992 1130 4054 castra
1150 3981 1194 4050 ad

103 4100 268 4166 Eurotam
294 4097 408 4164 metati
434 4100 523 4160 suut.
570 4095 624 4160 lta
648 4095 703 4180 qui
728 4111 750 4159 a
775 4094 878 4182 longo
902 4095 1047 4176 ternpore
1077 4085 1195 4152 tinibus

104 4195 179 4268 suis
200 4187 315 4266 hostes
345 4195 514 4286 expellere
540 4214 607 4264 non
626 4197 802 4282 potuerant
822 4193 1009 4357 “ffifflffi
1028 4192 1109 4257 tunc
1126 4185 1197 4256 la-
