2842 4950
689 319 873 410 euno
900 299 962 372 ²-

256 492 267 501 ”
286 508 382 576 filins.
396 475 656 584 ¹Pollicentibns
676 505 800 592 auxilia
813 463 983 596 respondit
996 508 1129 597 consul,
1146 503 1338 578 Ilartlanorun

240 633 242 636 ·
288 615 323 676 et
341 609 487 676 Pleurati
508 612 630 696 opera,
658 626 755 698 quum
780 609 961 675 exereitum
980 606 1249 679 inslllacedoniam
1265 607 1338 674 inlu·

287 714 397 806 cerei,
427 727 467 776 se
496 729 638 776 usurum.
686 705 902 802 Amynandro
928 708 1068 776 Aetolos
1094 705 1286 776 concitandos
1307 705 1338 772 al

178 811 180 816 ’
287 807 408 884 bellum
429 811 583 878 attribuit.
616 803 689 902 (Oi.
709 809 821 875 Lucas
841 809 863 873 l.
886 825 914 874 c.
936 829 968 895 p.
990 800 1088 898 124.)
1129 809 1227 874 Attali
1243 808 1338 895 legatis

205 899 214 998 ἰ
287 905 437 992 manda,
458 915 494 976 ut
513 910 668 1004 Aeginae
687 927 768 996 rex,
788 906 1075 995 ubihibernabat,
1097 907 1232 973 classem
1243 907 1338 972 Roma-

286 1027 363 1088 nam
384 1011 604 1102 opperiretur,
625 1025 689 1096 qua
708 1005 865 1092 adiuncta
882 1007 968 1104 bello
989 1007 1165 1093 maritimo,
1185 1006 1338 1090 sicutante,

279 1101 466 1196 ,Philippuin
486 1113 634 1200 urgeret.
675 1105 731 1176 Ad
756 1105 903 1176 Rhodios
929 1124 1057 1196 quoque
1085 1107 1174 1178 missi
1198 1104 1300 1194 legati,
1314 1105 1340 1176 'ul

111 1256 113 1264 ,
193 1241 211 1316 s
289 1216 505 1297 capesserent
524 1215 654 1300 partem
676 1208 761 1276 belli

371 1359 447 1428 Neo
467 1359 651 1446 Philippus,
677 1357 743 1423 iam
763 1357 848 1423 enim
868 1357 903 1421 in
923 1350 1152 1422 Macedoniam
1170 1353 1342 1442 peruenerat,

186 1511 189 1520 .
287 1461 427 1548 segnius
457 1460 641 1547 apparabat
667 1457 797 1524 bellurn.
838 1455 955 1522 Filium
981 1457 1125 1543 Persea,
1156 1473 1278 1543 puerum
1297 1447 1341 1516 ad·

281 1559 432 1646 mor‘lum,
452 1558 539 1625 99119
561 1577 604 1624 ex
624 1560 800 1624 amicorum
820 1573 971 1644 numero,
992 1557 1048 1642 qui
1069 1561 1209 1645 aetatem
1226 1553 1286 1618 eius
1301 1565 1355 1614 re·

287 1665 427 1748 gerent,
459 1677 533 1724 cum
560 1664 657 1745 parte
693 1657 857 1743 copiarum
885 1652 930 1721 aul
961 1653 1161 1723 obsidendas
1192 1649 1343 1741 angustio,

259 1779 261 1783 ·
288 1776 373 1845 quae
396 1755 440 1824 ad
467 1755 684 1844 Pelagoniam
704 1760 798 1842 sunl,
826 1755 932 1822 mittit.
973 1753 1154 1822 Sciathum*
1170 1759 1204 1822 ct
1228 1753 1342 1839 Pepare-

287 1859 393 1948 thum,
422 1855 511 1923 haud
539 1857 704 1946 ignobiles
733 1853 855 1944 urbes,
883 1875 928 1922 ne
955 1857 1057 1922 classi
1076 1857 1214 1924 hostium
1232 1846 1343 1941 praelat

287 1975 330 2025 ae
350 1959 494 2046 praemio
516 1962 646 2044 essent,
667 1953 778 2021 diruit.¹
814 1951 870 2020 Ad
890 1956 1030 2023 Aetolos
1050 1957 1151 2023 mittit
1170 1957 1301 2043 legatos,
1315 1960 1345 2011 ne

288 2077 377 2148 gens
397 2058 542 2143 inquieta
572 2053 690 2149 (quum
718 2055 853 2140 inquieti
880 2072 958 2122 esse
978 2057 1128 2124 solerent
1147 2056 1208 2122 hoc
1225 2047 1345 2136 Polybius

129 2183 131 2185 ·
164 2211 165 2216 ,
288 2157 467 2244 Liuiusque
488 2177 548 2223 cos
576 2155 836 2243 epithetoquasi
854 2159 1014 2242 perpetuo
1035 2172 1220 2246 ornavere,
1245 2151 1279 2218 ci.
1294 2146 1345 2214 ln-

188 2299 190 2303 ·
290 2275 349 2324 eas
369 2258 391 2322 l.
414 2275 443 2322 c.
474 2277 505 2342 p.
538 2254 634 2340 124.)
678 2251 825 2323 adventu
858 2255 1083 2323 Romanorum
1116 2254 1211 2324 tidem
1239 2243 1346 2318 mutaret

55 2414 64 2442 ,Δ
259 2441 262 2450 ¹
289 2353 385 2450 [liv.
405 2355 543 2458 XXXI,
565 2355 652 2442 29).

372 2462 764 2586 099911199111919199999
790 2508 916 2572 statute
935 2489 1005 2594 die,
1032 2523 1140 2574 verno
1168 2508 1269 2572 tamen
1284 2501 1345 2562 ten-

136 2645 138 2652 ·
260 2625 392 2696 pore,
425 2609 488 2672 199
516 2624 547 2672 9.
576 2603 654 2674 Chr.
686 2604 786 2696 (nam
812 2603 854 2672 de
875 2608 1073 2674 anetumnali
1094 2613 1129 2674 et
1149 2605 1224 2672 anni
1241 2601 1303 2682 2⁰⁰2
1321 2592 1346 2656 it

289 2711 352 2774 199
372 2725 402 2795 9.
424 2705 502 2786 chr.
524 2707 665 2795 cogitari
684 2708 807 2794 nequit,
826 2709 1022 2794 pracsertim
1049 2725 1147 2794 quum
1167 2721 1228 2770 nec
1245 2700 1346 2770 Panae·

288 2809 419 2876 tolicum
439 2823 503 2874 nec
522 2805 692 2894 Pylaicum
719 2811 810 2874 esset
838 2807 1024 2894 concilium,
1052 2807 1129 2874 Liv.
1150 2805 1278 2886 xxxi,
1294 2783 1346 2878 82]

289 2909 447 2992 babetur,
474 2903 518 2971 ad
547 2904 633 2991 quod
664 2911 699 2972 et
729 2905 772 2972 ab
800 2905 936 2974 consule
956 2908 1077 2976 missus
1097 2908 1138 2976 L.
1158 2903 1270 2972 Pmius
1285 2895 1347 2962 lu·

289 3025 392 3096 pureo
412 3006 547 3094 legatus
570 3005 677 3090 venit,
707 3009 741 3071 et
768 3004 1020 3072 Atheniensium
1049 3025 1177 3094 quoque
1197 2998 1290 3089 legati
1306 3008 1347 3058 ot·

291 3111 475 3174 currenmt.
514 3104 580 3173 Ubi
600 3123 696 3191 quum
717 3105 1130 3193 singulorumsententtae
1149 3093 1348 3172 essentlitltt

290 3206 518 3294 Damocritus,
553 3209 688 3292 praetor
715 3203 927 3293 Aetolorum,
957 3207 1117 3292 pecunia,
1144 3209 1181 3272 ut
1206 3202 1284 3267 foma
1304 3190 1347 3272 0⁵¹2

289 3308 333 3374 ab
367 3323 452 3395 rege
491 3310 632 3392 accepta
670 3299 779 3398 (quod
812 3304 918 3391 ipsum
951 3305 1025 3399 sine
1057 3321 1182 3386 caussa
1214 3287 1349 3366 addubitat

289 3407 402 3476 Lucos
422 3407 444 3472 l.
466 3422 495 3472 c.
515 3426 547 3493 p.
568 3402 665 3494 124.)
691 3403 772 3470 nibil
798 3408 856 3469 aut
876 3404 951 3470 huic
971 3409 1029 3470 aut
1049 3405 1097 3470 illi
1116 3402 1203 3492 parti
1221 3401 1351 3496 assensui

290 3513 325 3576 91
344 3505 485 3597 dimissis
506 3519 671 3594 suspensa
697 3521 736 3569 re
764 3503 889 3591 legatis
916 3505 1059 3594 egregie
1089 3504 1266 3572 consultum
1282 3488 1352 3584 gtsstl

174 3612 179 3625 “
289 3601 420 3698 aicbat,
447 3623 524 3672 nam
550 3607 655 3672 utrius
681 3603 786 3691 partis
811 3604 926 3672 melior
952 3605 1083 3672 fortuna
1102 3603 1183 3670 belli
1202 3577 1352 3678 essensd

290 3709 363 3778 ctus
403 3707 597 3772 societatem
638 3703 851 3769 mantuanos
893 3703 989 3788 (niv.
1024 3697 1163 3790 xxxi,
1196 3677 1352 3794 ao-ttl·

289 3809 414 3876 Postea
434 3823 530 3890 qinom
549 3804 689 3875 Romani
709 3801 752 3869 ad
773 3798 987 3900 0ctolophum
1013 3805 1195 3889 vicissent,
1222 3787 1351 3866 nudant,

290 3906 465 3972 Pleuratus
499 3907 534 3970 et
567 3901 672 3988 Illyrii
704 3902 739 3968 in
766 3901 1002 3990 ,Macedoniam
1040 3902 1255 3990 irrupissent,
1288 3883 1352 3998 ileu

290 4004 500 4086 Damocritus
545 4001 685 4070 Aetolos
736 3999 779 4068 ad
824 4003 1045 4074 Romanorum
1084 4007 1199 4090 partes
1238 3979 1353 4091 poneret

290 4105 386 4200 (Liv.
407 4105 540 4190 xxxl,
558 4105 609 4168 19.
631 4102 685 4170 lin.
725 4103 822 4171 Haec
842 4109 959 4172 contra
977 4103 1119 4192 Lucam,
1140 4095 1218 4169 illud
1230 4072 1354 4186 „aiebat‘

232 4280 234 4284 .
291 4204 555 4292 addubitantem‚
576 4203 672 4278 simul
692 4202 782 4280 dicta
801 4195 940 4295 sunto.)
