2844 4952
690 414 757 496 -Ι
788 351 865 462 'roo
913 415 961 496 ·‚··

282 591 377 660 qnam
397 573 441 641 ah
462 593 502 642 eo
523 578 687 660 tempore,
709 579 806 659 quum
825 576 983 660 praetura
1002 588 1113 638 annua
1133 572 1192 640 t'uit
1212 574 1351 639 constitu·

281 679 317 739 ta
338 673 379 740 ah
400 673 556 741 Achaeis.
597 672 686 737 Nam
706 670 888 738 indecima
907 671 1006 738 tertia
1026 676 1191 758 praehrra,
1211 678 1245 738 ut
1262 669 1349 760 vida,

278 773 404 839 Aratus
417 774 534 840 tertius
550 775 583 837 et
597 771 781 837 tricesimus
795 776 930 858 praetor
949 788 1079 836 annuus
1091 771 1160 839 nte
1202 767 1267 857 Sic,
1280 777 1350 858 puto,

279 875 408 958 tempus
440 874 514 960 ipse
544 871 578 935 in
607 871 848 952 commentariis
874 869 1094 958 insigniverat
1121 871 1264 956 Aratus,
1290 891 1351 956 non,

279 970 365 1056 quod
387 977 435 1039 tot
455 989 562 1036 annos
583 971 800 1058 magistratus
821 971 988 1059 gesserit,
1019 967 1080 1034 sed
1102 967 1188 1055 quod
1207 968 1267 1035 hoc
1284 969 1351 1034 illius

278 1067 402 1137 formae
428 1070 629 1158 reipublicae
657 1069 797 1156 spatium
825 1069 998 1134 exstiterit.
1030 1065 1221 1161 [Paululum
1246 1063 1285 1132 ad
1302 1085 1350 1132 ve·

279 1170 410 1236 ritatem
423 1165 716 1236 accessitClinton.
729 1169 751 1234 l.
767 1185 796 1234 c.
810 1167 853 1234 ad
867 1169 1070 1235 annum222.
1084 1187 1221 1256 prorsus
1234 1167 1350 1233 ahena·
1401 1193 1402 1226 r

278 1270 327 1334 vit
340 1265 482 1335 Schorn.
503 1269 525 1334 l.
547 1285 576 1334 c.
597 1289 630 1356 p.
647 1256 744 1359 411.)
1261 1313 1264 1319 ¹

362 1367 423 1434 Illo
445 1372 554 1434 autern
576 1384 679 1454 anno,
695 1387 774 1454 ·quo
801 1370 910 1435 victus
930 1365 1131 1458 fiigatusqne
1152 1371 1205 1459 est
1224 1361 1351 1432 Cleone-

173 1529 174 1532 ,
281 1485 362 1554 nes,
384 1467 598 1550 Timouenum
621 1467 831 1534 Achaeorum
859 1474 1046 1555 praetorem
1066 1468 1184 1533 iterum
1202 1464 1296 1530 tuisse
1312 1463 1351 1526 in-

274 1567 379 1632 ‘venio
400 1562 506 1658 (Prot.
528 1567 623 1632 Arat.
644 1569 696 1631 47.
717 1565 832 1655 Polyb.
853 1568 908 1655 ll,
928 1572 965 1654 6,
985 1571 1017 1630 4.
1038 1569 1082 1654 7,
1101 1569 1133 1630 6.
1163 1565 1277 1632 lllanso
1294 1563 1312 1626 l.
1329 1579 1349 1623 c.

281 1664 403 1750 111,2.
424 1687 456 1752 p.
477 1659 590 1755 266),
610 1669 646 1732 ut
666 1668 765 1768 paulo
785 1673 862 1756 post
881 1666 989 1733 dicam
1010 1666 1159 1754 amplius.

694 1895 697 1900 .
769 1827 804 1921 S.
834 1835 887 1898 64.

119 1978 121 1982 ’
321 1949 522 2015 Achaeorum
543 1951 651 2014 eludes
671 1951 717 2014 ad
735 1949 919 2033 Lycaeum,
951 1949 1112 2024 Leuctra5
1143 1929 1269 2013 victoria
1286 1944 1323 2006 od

716 2051 953 2116 Οτολοοιοναιον.

363 2165 491 2234 Eodem
513 2184 603 2235 anno
623 2163 710 2261 (226
730 2185 761 2234 a
775 2162 885 2259 Chr.)
906 2185 1002 2256 quum
1021 2166 1129 2234 Eleos
1151 2182 1221 2232 cunr
1235 2157 1352 2246 Sparta-

281 2265 335 2330 nis
356 2268 549 2333 eoniunctos
570 2267 700 2334 Achaei
720 2269 882 2358 aggressi
913 2273 1045 2355 essent,
1075 2268 1130 2335 his
1157 2281 1236 2332 vero
1256 2253 1352 2323 anulio
1403 2327 1404 2338 χ

282 2365 433 2432 venisset
465 2363 683 2453 Cleomenes,
714 2367 778 2432 iatn
803 2368 838 2434 in
867 2365 1016 2433 reditua
1044 2365 1223 2456 Spartanis
1242 2355 1281 2424 ad
1297 2355 1351 2437 Ly·

221 2523 224 2550 ,
281 2479 408 2528 caeam·
424 2470 567 2531 montem
595 2463 718 2533 devicti
745 2473 823 2534 sunt
853 2467 1034 2553 iterumque
1059 2467 1194 2533 Aratus·
1217 2463 1283 2547 ipse
1308 2467 1353 2538 per

282 2568 414 2630 noctem
434 2565 610 2652 aufugiens
629 2571 775 2632 mortuus
807 2564 1006 2644 credebatur
1046 2563 1155 2659 (Plut
1176 2563 1266 2648 Arat,
1279 2549 1351 2619 att

236 2711 238 2718 ,
282 2661 355 2728 coll.
378 2679 406 2727 c.
427 2665 479 2728 64.
493 2662 624 2732 Cleon.
647 2683 676 2731 c.
696 2667 727 2730 6.
749 2665 864 2754 Polyb.
878 2666 924 2754 Il,
937 2661 1034 2758 66),
1047 2663 1121 2734 Sed
1141 2682 1216 2731 mox
1234 2647 1351 2738 recepta

282 2761 386 2849 copiis
416 2763 638 2854 Mantineam,
673 2783 758 2852 quae
784 2767 865 2833 urbs
897 2765 940 2832 ab
957 2767 1186 2834 Achaeorum
1218 2753 1351 2825 societate

282 2857 491 2946 desciverat,
511 2866 710 2952 primumque
732 2885 804 2932 cum
824 2867 972 2953 Aetolis,
993 2863 1112 2932 deinde
1135 2882 1206 2930 eum
1226 2854 1351 2924 Cleone-

260 2963 525 3028 'neceniuncta
546 2973 637 3052 erat,
652 2967 691 3030 in
712 2963 807 3032 iidem
828 2968 954 3054 recepit
974 2983 1111 3052 eamque
1135 2963 1272 3048 benigne
1295 2955 1350 3014 ill·

277 3061 389 3127 ·ctavit
404 3061 512 3150 (Plut
522 3063 615 3129 Arat.
631 3081 659 3130 c.
674 3067 726 3128 66.
741 3064 863 3131 Cleom.
880 3084 909 3131 c.
922 3068 954 3130 6.
974 3066 1088 3153 Polyb.
1104 3067 1148 3151 Il,
1162 3064 1212 3127 67.
1233 3053 1350 3122 Schorn·

178 3209 180 3216 ,
245 3232 247 3238 ,
284 3160 306 3224 l.
329 3177 357 3224 c.
378 3164 502 3248 plus.
522 3157 633 3253 Not).
663 3163 743 3231 Non
761 3170 873 3238 tamen
893 3167 992 3232 multo
1018 3172 1095 3253 post
1116 3178 1230 3232 rursus
1248 3143 1352 3220 transm
1404 3167 1405 3254 j

285 3257 329 3326 ad
350 3257 537 3329 Cleomenis
557 3270 671 3352 partes
691 3261 827 3357 (Polyb.
847 3267 901 3354 11,
921 3259 996 3356 68.)

368 3358 564 3429 Cleomenes
585 3370 825 3433 autemmorae
854 3350 1033 3454 impatiens
1047 3367 1081 3431 in
1103 3363 1199 3433 bellis
1219 3339 1352 3444 gerendis

286 3463 384 3551 paulo
413 3460 554 3530 se'rocior
580 3467 747 3552 partisque
778 3468 925 3535 victoriis
953 3468 1181 3534 auctoritatem
1210 3452 1269 3524 sibi
1286 3433 1352 3530 opud

161 3575 180 3616 '-
288 3583 368 3630 suos
389 3564 621 3630 conciliaturus
642 3567 677 3631 in
697 3566 1050 3655 Megalopolitanorum
1070 3547 1353 3632 tncstnoursiones

284 3662 374 3750 fecit,
392 3665 546 3749 'quoniam
567 3665 692 3731 Aratus
720 3662 796 3730 οὔτ’
820 3660 935 3742 ἄλλως
957 3659 1048 3752 πρὸς
1069 3658 1131 3742 τὰς
1152 3645 1241 3728 κατὰ
1262 3633 1353 3754 Νόμαι
1403 3653 1405 3710 ζ

287 3753 406 3852 μάχας
427 3748 663 3850 εῧ’πεφνκώς,
685 3767 746 3830 καὶ
766 3757 849 3829 τότε
869 3755 1077 3853 λειπόμενός
1098 3783 1135 3829 τε
1157 3747 1288 3836 πλῆθθῑ,
1306 3755 1352 3845 καξ

198 3923 200 3926 -
284 3851 376 3945 πρὸς
397 3856 512 3946 ἄνδρα
533 3854 703 3952 τολμητὴν
732 3869 789 3928 καὶ
825 3854 904 3928 νέον
927 3856 991 3954 ἡδι]
1026 3849 1287 3951 παρακμάζοντι
1313 3854 1350 3912 τῳ

191 3991 194 3996 ·
283 3957 390 4044 θυμῷ
404 3962 462 4048 κιαι·
476 3955 713 4050 κεκολασμένῃ
735 3957 777 4050 τῇ
799 3959 981 4051 φιλοτιμίᾳ
998 3950 1226 4050 συνεστηκώς·
1240 3943 1294 4014 καὶ
1308 3953 1350 4001 νο’

275 4049 415 4144 'lu'vao
439 4050 480 4144 ἦν
501 4051 561 4123 διὰ
582 4063 647 4126 τοῦ
667 4059 801 4151 τολμᾷν
830 4062 960 4140 ἐκεῖνος
990 4056 1030 4146 ἐξ
1057 4059 1123 4147 ον”χ
1142 4035 1350 4138 ὑπαρχόντων

288 4156 416 4222 imm
448 4148 581 4237 δόξαν,
614 4157 713 4243 αὐτῷ
732 4151 945 4252 ’κεκτημένῳ
975 4155 1173 4250 φυλακτέον
1203 4141 1284 4215 εἶναι
1308 4131 1353 4194 δια

288 4257 351 4347 τῆς
377 4253 577 4340 εὐλαβείας,
605 4277 752 4350 pugnam
781 4263 891 4352 palam
921 4264 1121 4370 comminare
1147 4236 1351 4324 aventem
1403 4261 1405 4328 j
