<?xml version="1.0" encoding="UTF-8"?>
<!DOCTYPE html PUBLIC "-//W3C//DTD XHTML 1.0 Transitional//EN"
    "http://www.w3.org/TR/xhtml1/DTD/xhtml1-transitional.dtd">
<html xmlns="http://www.w3.org/1999/xhtml" xml:lang="en" lang="en">
 <head>
  <title>
</title>
<meta http-equiv="Content-Type" content="text/html;charset=utf-8" />
  <meta name='ocr-system' content='tesseract 3.04.00' />
  <meta name='ocr-capabilities' content='ocr_page ocr_carea ocr_par ocr_line ocrx_word'/>
</head>
<body>
  <div class='ocr_page' id='page_1' title='image "achaicorumlibri00merlgoog_0085.png"; bbox 0 0 2902 4956; ppageno 0'>
   <div class='ocr_carea' id='block_1_1' title="bbox 692 311 1092 421">
    <p class='ocr_par' dir='ltr' id='par_1_1' title="bbox 692 311 1092 421">
     <span class='ocr_line' id='line_1_1' title="bbox 692 311 1092 421; baseline 0.01 -27"><span class='ocrx_word' id='word_1_1' title='bbox 692 311 1092 421; x_wconf 37' lang='lat' dir='ltr'><strong>*effi-⁴</strong></span> 
     </span>
    </p>
   </div>
   <div class='ocr_carea' id='block_1_2' title="bbox 206 535 1402 1126">
    <p class='ocr_par' dir='ltr' id='par_1_2' title="bbox 206 535 1402 1126">
     <span class='ocr_line' id='line_1_2' title="bbox 304 535 1402 626; baseline 0 -22"><span class='ocrx_word' id='word_1_2' title='bbox 304 541 364 604; x_wconf 79' lang='lat'><strong>124</strong></span> <span class='ocrx_word' id='word_1_3' title='bbox 393 537 576 605; x_wconf 80' lang='lat' dir='ltr'><strong>libertatem</strong></span> <span class='ocrx_word' id='word_1_4' title='bbox 605 555 824 625; x_wconf 80' lang='lat' dir='ltr'><strong>recuperasse</strong></span> <span class='ocrx_word' id='word_1_5' title='bbox 853 537 1057 626; x_wconf 86' lang='lat' dir='ltr'><strong>coniicimus,</strong></span> <span class='ocrx_word' id='word_1_6' title='bbox 1093 535 1252 624; x_wconf 84' lang='lat' dir='ltr'><strong>iidemque</strong></span> <span class='ocrx_word' id='word_1_7' title='bbox 1281 535 1346 605; x_wconf 91' lang='lat' dir='ltr'><strong>soli</strong></span> <span class='ocrx_word' id='word_1_8' title='bbox 1380 555 1402 604; x_wconf 86' lang='lat' dir='ltr'><strong>e</strong></span> 
     </span>
     <span class='ocr_line' id='line_1_3' title="bbox 298 633 1402 727; baseline 0 -24"><span class='ocrx_word' id='word_1_9' title='bbox 298 639 531 726; x_wconf 74' lang='lat' dir='ltr'><strong>Peloponneso</strong></span> <span class='ocrx_word' id='word_1_10' title='bbox 553 645 669 707; x_wconf 89' lang='lat' dir='ltr'><strong>contra</strong></span> <span class='ocrx_word' id='word_1_11' title='bbox 690 641 749 706; x_wconf 76' lang='lat' dir='ltr'><strong>eos</strong></span> <span class='ocrx_word' id='word_1_12' title='bbox 770 636 1011 727; x_wconf 84' lang='lat' dir='ltr'><strong>expeditionem</strong></span> <span class='ocrx_word' id='word_1_13' title='bbox 1030 633 1264 725; x_wconf 90' lang='lat' dir='ltr'><strong>susceperunt,</strong></span> <span class='ocrx_word' id='word_1_14' title='bbox 1291 639 1402 704; x_wconf 91' lang='lat' dir='ltr'><strong>ceteri</strong></span> 
     </span>
     <span class='ocr_line' id='line_1_4' title="bbox 300 736 1402 827; baseline -0.002 -23"><span class='ocrx_word' id='word_1_15' title='bbox 300 739 460 805; x_wconf 85' lang='lat' dir='ltr'><strong>barbaros</strong></span> <span class='ocrx_word' id='word_1_16' title='bbox 482 741 563 804; x_wconf 84' lang='lat' dir='ltr'><strong>artis</strong></span> <span class='ocrx_word' id='word_1_17' title='bbox 584 737 767 827; x_wconf 81' lang='lat' dir='ltr'><strong>navigandi</strong></span> <span class='ocrx_word' id='word_1_18' title='bbox 787 736 943 805; x_wconf 90' lang='lat' dir='ltr'><strong>rudesin</strong></span> <span class='ocrx_word' id='word_1_19' title='bbox 956 737 1220 826; x_wconf 75' lang='lat' dir='ltr'><strong>Peloponnesiun</strong></span> <span class='ocrx_word' id='word_1_20' title='bbox 1236 756 1303 804; x_wconf 92' lang='lat' dir='ltr'><strong>non</strong></span> <span class='ocrx_word' id='word_1_21' title='bbox 1317 755 1402 802; x_wconf 87' lang='lat' dir='ltr'><strong>esse</strong></span> 
     </span>
     <span class='ocr_line' id='line_1_5' title="bbox 298 835 1400 926; baseline 0 -24"><span class='ocrx_word' id='word_1_22' title='bbox 298 837 451 925; x_wconf 91' lang='lat' dir='ltr'><strong>impetum</strong></span> <span class='ocrx_word' id='word_1_23' title='bbox 477 839 623 905; x_wconf 86' lang='lat' dir='ltr'><strong>facturos</strong></span> <span class='ocrx_word' id='word_1_24' title='bbox 655 835 891 926; x_wconf 80' lang='lat' dir='ltr'><strong>opinabantur,</strong></span> <span class='ocrx_word' id='word_1_25' title='bbox 923 835 1018 905; x_wconf 90' lang='lat' dir='ltr'><strong>modo</strong></span> <span class='ocrx_word' id='word_1_26' title='bbox 1044 837 1203 904; x_wconf 89' lang='lat' dir='ltr'><strong>Isthmum</strong></span> <span class='ocrx_word' id='word_1_27' title='bbox 1222 856 1314 904; x_wconf 92' lang='lat' dir='ltr'><strong>muro</strong></span> <span class='ocrx_word' id='word_1_28' title='bbox 1335 835 1400 902; x_wconf 87' lang='lat' dir='ltr'><strong>lir-</strong></span> 
     </span>
     <span class='ocr_line' id='line_1_6' title="bbox 298 927 1400 1025; baseline -0.001 -23"><span class='ocrx_word' id='word_1_29' title='bbox 298 945 456 1006; x_wconf 81' lang='lat' dir='ltr'><strong>massent.</strong></span> <span class='ocrx_word' id='word_1_30' title='bbox 478 936 600 1023; x_wconf 87' lang='lat' dir='ltr'><strong>(Paus.</strong></span> <span class='ocrx_word' id='word_1_31' title='bbox 613 937 715 1005; x_wconf 89' lang='lat' dir='ltr'><strong>Phoc.</strong></span> <span class='ocrx_word' id='word_1_32' title='bbox 728 940 766 1025; x_wconf 79' lang='lat'><strong>8,</strong></span> <span class='ocrx_word' id='word_1_33' title='bbox 784 939 815 1001; x_wconf 65' lang='lat' dir='ltr'><strong>A</strong></span> <span class='ocrx_word' id='word_1_34' title='bbox 836 934 959 1002; x_wconf 84' lang='lat' dir='ltr'><strong>Arcad.</strong></span> <span class='ocrx_word' id='word_1_35' title='bbox 973 940 1013 1024; x_wconf 73' lang='grc' dir='ltr'><strong>θ’,</strong></span> <span class='ocrx_word' id='word_1_36' title='bbox 1027 941 1058 1001; x_wconf 91' lang='grc'><strong>1.</strong></span> <span class='ocrx_word' id='word_1_37' title='bbox 1079 937 1165 1004; x_wconf 90' lang='lat' dir='ltr'><strong>Ach.</strong></span> <span class='ocrx_word' id='word_1_38' title='bbox 1179 927 1261 1024; x_wconf 69' lang='lat' dir='ltr'><strong>⁰,A</strong></span> <span class='ocrx_word' id='word_1_39' title='bbox 1282 936 1400 1004; x_wconf 92' lang='lat' dir='ltr'><strong>ldem-</strong></span> 
     </span>
     <span class='ocr_line' id='line_1_7' title="bbox 206 1035 1400 1126; baseline -0.001 -23"><span class='ocrx_word' id='word_1_40' title='bbox 206 1105 208 1115; x_wconf 79' lang='grc'>,</span> <span class='ocrx_word' id='word_1_41' title='bbox 297 1057 360 1124; x_wconf 89' lang='lat' dir='ltr'><strong>que</strong></span> <span class='ocrx_word' id='word_1_42' title='bbox 374 1037 471 1106; x_wconf 80' lang='lat' dir='ltr'><strong>Gallo</strong></span> <span class='ocrx_word' id='word_1_43' title='bbox 491 1041 673 1126; x_wconf 88' lang='lat' dir='ltr'><strong>imperante</strong></span> <span class='ocrx_word' id='word_1_44' title='bbox 691 1040 757 1114; x_wconf 69' lang='lat'><strong>268</strong></span> <span class='ocrx_word' id='word_1_45' title='bbox 777 1060 808 1126; x_wconf 91' lang='lat' dir='ltr'><strong>p.</strong></span> <span class='ocrx_word' id='word_1_46' title='bbox 824 1035 901 1123; x_wconf 68' lang='lat' dir='ltr'><strong>eur.</strong></span> <span class='ocrx_word' id='word_1_47' title='bbox 917 1043 1034 1104; x_wconf 90' lang='lat' dir='ltr'><strong>eontra</strong></span> <span class='ocrx_word' id='word_1_48' title='bbox 1054 1036 1202 1126; x_wconf 85' lang='lat' dir='ltr'><strong>Scythas</strong></span> <span class='ocrx_word' id='word_1_49' title='bbox 1223 1059 1250 1103; x_wconf 91' lang='lat' dir='ltr'><strong>s.</strong></span> <span class='ocrx_word' id='word_1_50' title='bbox 1266 1035 1400 1104; x_wconf 80' lang='lat' dir='ltr'><strong>Gothos</strong></span> 
     </span>
    </p>
   </div>
   <div class='ocr_carea' id='block_1_3' title="bbox 150 1135 1397 1226">
    <p class='ocr_par' dir='ltr' id='par_1_3' title="bbox 150 1135 1397 1226">
     <span class='ocr_line' id='line_1_8' title="bbox 150 1135 1397 1226; baseline -0.002 -23"><span class='ocrx_word' id='word_1_51' title='bbox 150 1185 153 1192; x_wconf 82' lang='lat'>.</span> <span class='ocrx_word' id='word_1_52' title='bbox 293 1137 413 1204; x_wconf 86' lang='lat' dir='ltr'><strong>lactum</strong></span> <span class='ocrx_word' id='word_1_53' title='bbox 441 1142 512 1224; x_wconf 90' lang='lat' dir='ltr'><strong>est,</strong></span> <span class='ocrx_word' id='word_1_54' title='bbox 543 1138 584 1203; x_wconf 85' lang='lat' dir='ltr'><strong>ci.</strong></span> <span class='ocrx_word' id='word_1_55' title='bbox 612 1136 739 1226; x_wconf 83' lang='lat' dir='ltr'><strong>Georg.</strong></span> <span class='ocrx_word' id='word_1_56' title='bbox 767 1135 871 1225; x_wconf 85' lang='lat' dir='ltr'><strong>Sync.</strong></span> <span class='ocrx_word' id='word_1_57' title='bbox 903 1135 955 1204; x_wconf 90' lang='lat' dir='ltr'><strong>ed.</strong></span> <span class='ocrx_word' id='word_1_58' title='bbox 984 1136 1090 1206; x_wconf 89' lang='lat' dir='ltr'><strong>Bonn.</strong></span> <span class='ocrx_word' id='word_1_59' title='bbox 1116 1160 1147 1226; x_wconf 92' lang='lat' dir='ltr'><strong>p.</strong></span> <span class='ocrx_word' id='word_1_60' title='bbox 1167 1139 1240 1203; x_wconf 70' lang='lat' dir='ltr'><strong>tlte</strong></span> <span class='ocrx_word' id='word_1_61' title='bbox 1267 1137 1397 1203; x_wconf 77' lang='lat' dir='ltr'><strong>Zonar.</strong></span> 
     </span>
    </p>
   </div>
   <div class='ocr_carea' id='block_1_4' title="bbox 293 1234 752 1330">
    <p class='ocr_par' dir='ltr' id='par_1_4' title="bbox 293 1234 752 1330">
     <span class='ocr_line' id='line_1_9' title="bbox 293 1234 752 1330; baseline 0.002 -27"><span class='ocrx_word' id='word_1_62' title='bbox 293 1235 380 1325; x_wconf 84' lang='lat' dir='ltr'><strong>xn,</strong></span> <span class='ocrx_word' id='word_1_63' title='bbox 403 1240 454 1303; x_wconf 82' lang='lat' dir='ltr'><strong>aa.</strong></span> <span class='ocrx_word' id='word_1_64' title='bbox 468 1237 598 1306; x_wconf 72' lang='lat' dir='ltr'><strong>mosum.</strong></span> <span class='ocrx_word' id='word_1_65' title='bbox 619 1239 654 1327; x_wconf 86' lang='lat'><strong>1,</strong></span> <span class='ocrx_word' id='word_1_66' title='bbox 668 1234 752 1330; x_wconf 76' lang='lat' dir='ltr'><strong>aa.)</strong></span> 
     </span>
    </p>
   </div>
   <div class='ocr_carea' id='block_1_5' title="bbox 624 1399 1053 1587">
    <p class='ocr_par' dir='ltr' id='par_1_5' title="bbox 624 1399 1053 1587">
     <span class='ocr_line' id='line_1_10' title="bbox 624 1407 896 1471; baseline 0.011 -3"><span class='ocrx_word' id='word_1_67' title='bbox 624 1453 628 1468; x_wconf 91' lang='lat'>.</span> <span class='ocrx_word' id='word_1_68' title='bbox 814 1452 823 1470; x_wconf 89' lang='lat'><strong>.</strong></span> <span class='ocrx_word' id='word_1_69' title='bbox 844 1407 896 1471; x_wconf 68' lang='lat'><strong>27.</strong></span> 
     </span>
     <span class='ocr_line' id='line_1_11' title="bbox 675 1399 1053 1587; baseline 0 -1"><span class='ocrx_word' id='word_1_70' title='bbox 675 1399 1014 1587; x_wconf 65' lang='lat' dir='ltr'><strong>umerosrawvaeaa</strong></span> <span class='ocrx_word' id='word_1_71' title='bbox 1051 1519 1053 1524; x_wconf 77' lang='grc'><strong>’</strong></span> 
     </span>
    </p>
   </div>
   <div class='ocr_carea' id='block_1_6' title="bbox 176 1633 1443 2624">
    <p class='ocr_par' dir='ltr' id='par_1_6' title="bbox 176 1633 1398 1725">
     <span class='ocr_line' id='line_1_12' title="bbox 176 1633 1398 1725; baseline 0.003 -26"><span class='ocrx_word' id='word_1_72' title='bbox 176 1693 178 1699; x_wconf 91' lang='grc'>.</span> <span class='ocrx_word' id='word_1_73' title='bbox 375 1636 493 1724; x_wconf 87' lang='lat' dir='ltr'><strong>ltaque</strong></span> <span class='ocrx_word' id='word_1_74' title='bbox 522 1642 599 1725; x_wconf 90' lang='lat' dir='ltr'><strong>post</strong></span> <span class='ocrx_word' id='word_1_75' title='bbox 625 1635 784 1704; x_wconf 87' lang='lat' dir='ltr'><strong>Demetrii</strong></span> <span class='ocrx_word' id='word_1_76' title='bbox 810 1637 1005 1706; x_wconf 89' lang='lat' dir='ltr'><strong>Poliorcetis</strong></span> <span class='ocrx_word' id='word_1_77' title='bbox 1031 1639 1190 1722; x_wconf 88' lang='lat' dir='ltr'><strong>mortem,</strong></span> <span class='ocrx_word' id='word_1_78' title='bbox 1223 1651 1320 1722; x_wconf 87' lang='lat' dir='ltr'><strong>quum</strong></span> <span class='ocrx_word' id='word_1_79' title='bbox 1351 1633 1398 1703; x_wconf 90' lang='lat' dir='ltr'><strong>de</strong></span> 
     </span>
    </p>

    <p class='ocr_par' dir='ltr' id='par_1_7' title="bbox 292 1729 1443 2624">
     <span class='ocr_line' id='line_1_13' title="bbox 292 1729 1397 1826; baseline -0.001 -23"><span class='ocrx_word' id='word_1_80' title='bbox 292 1734 509 1804; x_wconf 82' lang='lat' dir='ltr'><strong>Macedonico</strong></span> <span class='ocrx_word' id='word_1_81' title='bbox 529 1738 662 1824; x_wconf 88' lang='lat' dir='ltr'><strong>imperio</strong></span> <span class='ocrx_word' id='word_1_82' title='bbox 682 1738 770 1804; x_wconf 88' lang='lat' dir='ltr'><strong>inter</strong></span> <span class='ocrx_word' id='word_1_83' title='bbox 789 1737 953 1824; x_wconf 81' lang='lat' dir='ltr'><strong>Pyrrhum</strong></span> <span class='ocrx_word' id='word_1_84' title='bbox 970 1733 1097 1826; x_wconf 73' lang='lat' dir='ltr'><strong>(Pam.</strong></span> <span class='ocrx_word' id='word_1_85' title='bbox 1111 1729 1319 1822; x_wconf 74' lang='lat' dir='ltr'><strong>1,·&#39;18.‘P1ut</strong></span> <span class='ocrx_word' id='word_1_86' title='bbox 1333 1737 1397 1802; x_wconf 76' lang='lat' dir='ltr'><strong>vit.</strong></span> 
     </span>
     <span class='ocr_line' id='line_1_14' title="bbox 293 1833 1398 1925; baseline 0 -23"><span class='ocrx_word' id='word_1_87' title='bbox 293 1835 413 1924; x_wconf 84' lang='lat' dir='ltr'><strong>Pyrrh.</strong></span> <span class='ocrx_word' id='word_1_88' title='bbox 429 1854 457 1902; x_wconf 88' lang='lat' dir='ltr'><strong>c.</strong></span> <span class='ocrx_word' id='word_1_89' title='bbox 470 1840 558 1925; x_wconf 66' lang='lat' dir='ltr'><strong>m),</strong></span> <span class='ocrx_word' id='word_1_90' title='bbox 578 1838 823 1924; x_wconf 78' lang='lat' dir='ltr'><strong>Lysimachum,</strong></span> <span class='ocrx_word' id='word_1_91' title='bbox 843 1835 1032 1923; x_wconf 81' lang='lat' dir='ltr'><strong>Seleucum,</strong></span> <span class='ocrx_word' id='word_1_92' title='bbox 1052 1835 1135 1902; x_wconf 87' lang='lat' dir='ltr'><strong>alios</strong></span> <span class='ocrx_word' id='word_1_93' title='bbox 1150 1833 1398 1925; x_wconf 80' lang='lat' dir='ltr'><strong>disceptaretur</strong></span> 
     </span>
     <span class='ocr_line' id='line_1_15' title="bbox 294 1933 1398 2023; baseline -0.003 -21"><span class='ocrx_word' id='word_1_94' title='bbox 294 1943 329 2004; x_wconf 91' lang='lat' dir='ltr'><strong>et</strong></span> <span class='ocrx_word' id='word_1_95' title='bbox 358 1933 521 2004; x_wconf 82' lang='lat' dir='ltr'><strong>Seleucus</strong></span> <span class='ocrx_word' id='word_1_96' title='bbox 550 1936 724 2003; x_wconf 77' lang='lat' dir='ltr'><strong>Ceraunus</strong></span> <span class='ocrx_word' id='word_1_97' title='bbox 741 1939 813 2003; x_wconf 62' lang='lat' dir='ltr'><strong>‘vix</strong></span> <span class='ocrx_word' id='word_1_98' title='bbox 844 1936 994 2003; x_wconf 79' lang='lat' dir='ltr'><strong>abducre</strong></span> <span class='ocrx_word' id='word_1_99' title='bbox 1022 1940 1138 2022; x_wconf 81' lang='lat' dir='ltr'><strong>posset</strong></span> <span class='ocrx_word' id='word_1_100' title='bbox 1159 1953 1300 2023; x_wconf 83' lang='lat' dir='ltr'><strong>reguum</strong></span> <span class='ocrx_word' id='word_1_101' title='bbox 1321 1953 1398 2000; x_wconf 89' lang='lat' dir='ltr'><strong>carn</strong></span> 
     </span>
     <span class='ocr_line' id='line_1_16' title="bbox 293 2031 1397 2124; baseline 0 -24"><span class='ocrx_word' id='word_1_102' title='bbox 293 2041 428 2123; x_wconf 90' lang='lat' dir='ltr'><strong>propter</strong></span> <span class='ocrx_word' id='word_1_103' title='bbox 455 2037 630 2104; x_wconf 89' lang='lat' dir='ltr'><strong>intestinas</strong></span> <span class='ocrx_word' id='word_1_104' title='bbox 661 2038 781 2104; x_wconf 90' lang='lat' dir='ltr'><strong>civium</strong></span> <span class='ocrx_word' id='word_1_105' title='bbox 807 2033 1009 2121; x_wconf 83' lang='lat' dir='ltr'><strong>discordias,</strong></span> <span class='ocrx_word' id='word_1_106' title='bbox 1038 2041 1106 2101; x_wconf 91' lang='lat' dir='ltr'><strong>tum</strong></span> <span class='ocrx_word' id='word_1_107' title='bbox 1132 2035 1207 2120; x_wconf 83' lang='lat' dir='ltr'><strong>quia</strong></span> <span class='ocrx_word' id='word_1_108' title='bbox 1236 2031 1397 2124; x_wconf 76' lang='lat' dir='ltr'><strong>Gallica</strong></span> 
     </span>
     <span class='ocr_line' id='line_1_17' title="bbox 292 2132 1397 2225; baseline -0.002 -23"><span class='ocrx_word' id='word_1_109' title='bbox 292 2141 491 2223; x_wconf 86' lang='lat' dir='ltr'><strong>tempestate</strong></span> <span class='ocrx_word' id='word_1_110' title='bbox 512 2137 723 2225; x_wconf 61' lang='grc' dir='ltr'><strong>(Μ’-275</strong></span> <span class='ocrx_word' id='word_1_111' title='bbox 744 2147 778 2202; x_wconf 70' lang='lat' dir='ltr'><strong>a*</strong></span> <span class='ocrx_word' id='word_1_112' title='bbox 791 2134 895 2222; x_wconf 77' lang='lat' dir='ltr'><strong>Chr.)</strong></span> <span class='ocrx_word' id='word_1_113' title='bbox 917 2135 1093 2202; x_wconf 82' lang='lat' dir='ltr'><strong>Graeciam</strong></span> <span class='ocrx_word' id='word_1_114' title='bbox 1113 2140 1148 2201; x_wconf 90' lang='lat' dir='ltr'><strong>et</strong></span> <span class='ocrx_word' id='word_1_115' title='bbox 1164 2132 1397 2202; x_wconf 87' lang='lat' dir='ltr'><strong>Macedoniam</strong></span> 
     </span>
     <span class='ocr_line' id='line_1_18' title="bbox 292 2233 1396 2326; baseline 0 -24"><span class='ocrx_word' id='word_1_116' title='bbox 292 2235 410 2302; x_wconf 89' lang='lat' dir='ltr'><strong>iniesto</strong></span> <span class='ocrx_word' id='word_1_117' title='bbox 432 2239 581 2304; x_wconf 88' lang='lat' dir='ltr'><strong>exercitu</strong></span> <span class='ocrx_word' id='word_1_118' title='bbox 602 2239 799 2305; x_wconf 87' lang='lat' dir='ltr'><strong>invaserant</strong></span> <span class='ocrx_word' id='word_1_119' title='bbox 820 2235 925 2326; x_wconf 84' lang='lat' dir='ltr'><strong>(lust</strong></span> <span class='ocrx_word' id='word_1_120' title='bbox 947 2233 1063 2321; x_wconf 82' lang='lat' dir='ltr'><strong>XXV,</strong></span> <span class='ocrx_word' id='word_1_121' title='bbox 1084 2234 1159 2320; x_wconf 81' lang='grc'><strong>1.),</strong></span> <span class='ocrx_word' id='word_1_122' title='bbox 1188 2233 1309 2300; x_wconf 84' lang='lat' dir='ltr'><strong>factum</strong></span> <span class='ocrx_word' id='word_1_123' title='bbox 1331 2241 1396 2324; x_wconf 88' lang='lat' dir='ltr'><strong>est,</strong></span> 
     </span>
     <span class='ocr_line' id='line_1_19' title="bbox 292 2333 1396 2424; baseline 0 -22"><span class='ocrx_word' id='word_1_124' title='bbox 292 2341 329 2402; x_wconf 91' lang='lat' dir='ltr'><strong>ut</strong></span> <span class='ocrx_word' id='word_1_125' title='bbox 351 2335 479 2400; x_wconf 84' lang='lat' dir='ltr'><strong>Achaei</strong></span> <span class='ocrx_word' id='word_1_126' title='bbox 500 2337 657 2422; x_wconf 86' lang='lat' dir='ltr'><strong>pristinae</strong></span> <span class='ocrx_word' id='word_1_127' title='bbox 678 2334 813 2402; x_wconf 87' lang='lat' dir='ltr'><strong>tandem</strong></span> <span class='ocrx_word' id='word_1_128' title='bbox 833 2337 964 2424; x_wconf 84' lang='lat' dir='ltr'><strong>gloriae</strong></span> <span class='ocrx_word' id='word_1_129' title='bbox 984 2333 1211 2420; x_wconf 86' lang='lat' dir='ltr'><strong>libertatisque</strong></span> <span class='ocrx_word' id='word_1_130' title='bbox 1231 2351 1396 2403; x_wconf 89' lang='lat' dir='ltr'><strong>memores</strong></span> 
     </span>
     <span class='ocr_line' id='line_1_20' title="bbox 294 2429 1443 2524; baseline 0 -24"><span class='ocrx_word' id='word_1_131' title='bbox 294 2435 385 2500; x_wconf 90' lang='lat' dir='ltr'><strong>circa</strong></span> <span class='ocrx_word' id='word_1_132' title='bbox 404 2429 456 2499; x_wconf 84' lang='lat'><strong>01.</strong></span> <span class='ocrx_word' id='word_1_133' title='bbox 478 2437 555 2521; x_wconf 79' lang='lat'><strong>124,</strong></span> <span class='ocrx_word' id='word_1_134' title='bbox 579 2453 641 2520; x_wconf 88' lang='lat' dir='ltr'><strong>quc</strong></span> <span class='ocrx_word' id='word_1_135' title='bbox 662 2442 815 2524; x_wconf 89' lang='lat' dir='ltr'><strong>tempore·</strong></span> <span class='ocrx_word' id='word_1_136' title='bbox 830 2435 980 2522; x_wconf 89' lang='lat' dir='ltr'><strong>Pyrrhus</strong></span> <span class='ocrx_word' id='word_1_137' title='bbox 1000 2435 1034 2500; x_wconf 91' lang='lat' dir='ltr'><strong>in</strong></span> <span class='ocrx_word' id='word_1_138' title='bbox 1054 2435 1183 2501; x_wconf 88' lang='lat' dir='ltr'><strong>Italiam</strong></span> <span class='ocrx_word' id='word_1_139' title='bbox 1203 2436 1395 2524; x_wconf 88' lang='lat' dir='ltr'><strong>traiecerat,</strong></span> <span class='ocrx_word' id='word_1_140' title='bbox 1442 2445 1443 2456; x_wconf 60' lang='lat'>¹</span> 
     </span>
     <span class='ocr_line' id='line_1_21' title="bbox 294 2527 1395 2624; baseline 0.001 -24"><span class='ocrx_word' id='word_1_141' title='bbox 294 2533 338 2600; x_wconf 90' lang='lat' dir='ltr'><strong>ad</strong></span> <span class='ocrx_word' id='word_1_142' title='bbox 358 2535 550 2600; x_wconf 87' lang='lat' dir='ltr'><strong>societatem</strong></span> <span class='ocrx_word' id='word_1_143' title='bbox 570 2535 755 2622; x_wconf 78' lang='lat' dir='ltr'><strong>politicam,</strong></span> <span class='ocrx_word' id='word_1_144' title='bbox 776 2553 873 2622; x_wconf 87' lang='lat' dir='ltr'><strong>quarn</strong></span> <span class='ocrx_word' id='word_1_145' title='bbox 893 2538 1037 2622; x_wconf 77' lang='lat' dir='ltr'><strong>vocant,</strong></span> <span class='ocrx_word' id='word_1_146' title='bbox 1063 2533 1218 2602; x_wconf 87' lang='lat' dir='ltr'><strong>redirent.</strong></span> <span class='ocrx_word' id='word_1_147' title='bbox 1261 2527 1395 2624; x_wconf 74' lang='lat' dir='ltr'><strong>lllnpul-</strong></span> 
     </span>
    </p>
   </div>
   <div class='ocr_carea' id='block_1_7' title="bbox 179 2630 1394 2726">
    <p class='ocr_par' dir='ltr' id='par_1_8' title="bbox 179 2630 1394 2726">
     <span class='ocr_line' id='line_1_22' title="bbox 179 2630 1394 2726; baseline 0.005 -27"><span class='ocrx_word' id='word_1_148' title='bbox 179 2647 182 2652; x_wconf 82' lang='lat'>&#39;</span> <span class='ocrx_word' id='word_1_149' title='bbox 294 2635 343 2702; x_wconf 88' lang='lat' dir='ltr'><strong>sis</strong></span> <span class='ocrx_word' id='word_1_150' title='bbox 356 2634 458 2724; x_wconf 82' lang='lat' dir='ltr'><strong>igitur</strong></span> <span class='ocrx_word' id='word_1_151' title='bbox 470 2633 687 2702; x_wconf 83' lang='lat' dir='ltr'><strong>Macedonum</strong></span> <span class='ocrx_word' id='word_1_152' title='bbox 700 2637 853 2724; x_wconf 81' lang='lat' dir='ltr'><strong>tyranms</strong></span> <span class='ocrx_word' id='word_1_153' title='bbox 875 2635 1012 2722; x_wconf 90' lang='lat' dir='ltr'><strong>(Polyh.</strong></span> <span class='ocrx_word' id='word_1_154' title='bbox 1026 2636 1072 2722; x_wconf 88' lang='lat' dir='ltr'><strong>ss,</strong></span> <span class='ocrx_word' id='word_1_155' title='bbox 1085 2630 1159 2726; x_wconf 79' lang='lat'>41.)</span> <span class='ocrx_word' id='word_1_156' title='bbox 1178 2636 1273 2723; x_wconf 91' lang='lat' dir='ltr'><strong>primi</strong></span> <span class='ocrx_word' id='word_1_157' title='bbox 1286 2644 1394 2724; x_wconf 84' lang='lat' dir='ltr'><strong>erant,</strong></span> 
     </span>
    </p>
   </div>
   <div class='ocr_carea' id='block_1_8' title="bbox 227 2727 1442 4327">
    <p class='ocr_par' dir='ltr' id='par_1_9' title="bbox 227 2727 1442 3932">
     <span class='ocr_line' id='line_1_23' title="bbox 294 2727 1442 2826; baseline 0.002 -24"><span class='ocrx_word' id='word_1_158' title='bbox 294 2739 349 2825; x_wconf 87' lang='lat' dir='ltr'><strong>qui</strong></span> <span class='ocrx_word' id='word_1_159' title='bbox 369 2733 493 2802; x_wconf 81' lang='lat' dir='ltr'><strong>foederi</strong></span> <span class='ocrx_word' id='word_1_160' title='bbox 513 2736 728 2804; x_wconf 87' lang='lat' dir='ltr'><strong>instaurando</strong></span> <span class='ocrx_word' id='word_1_161' title='bbox 748 2740 921 2804; x_wconf 83' lang='lat' dir='ltr'><strong>maxumam</strong></span> <span class='ocrx_word' id='word_1_162' title='bbox 941 2743 1108 2804; x_wconf 83' lang='lat' dir='ltr'><strong>naverunt</strong></span> <span class='ocrx_word' id='word_1_163' title='bbox 1135 2727 1286 2826; x_wconf 86' lang='lat' dir='ltr'><strong>operam,</strong></span> <span class='ocrx_word' id='word_1_164' title='bbox 1318 2735 1394 2824; x_wconf 89' lang='lat' dir='ltr'><strong>Dy-</strong></span> <span class='ocrx_word' id='word_1_165' title='bbox 1441 2739 1442 2776; x_wconf 62' lang='lat'>³</span> 
     </span>
     <span class='ocr_line' id='line_1_24' title="bbox 295 2833 1394 2925; baseline 0 -21"><span class='ocrx_word' id='word_1_166' title='bbox 295 2839 390 2925; x_wconf 91' lang='lat' dir='ltr'><strong>maei,</strong></span> <span class='ocrx_word' id='word_1_167' title='bbox 411 2836 848 2925; x_wconf 74' lang='lat' dir='ltr'><strong>Patrenses,l&#39;ritaeenseS,</strong></span> <span class='ocrx_word' id='word_1_168' title='bbox 861 2837 1116 2906; x_wconf 84' lang='lat' dir='ltr'><strong>Pharaeenses.·</strong></span> <span class='ocrx_word' id='word_1_169' title='bbox 1138 2833 1394 2917; x_wconf 78' lang='lat' dir='ltr'><strong>Quintc&#39;deinde</strong></span> 
     </span>
     <span class='ocr_line' id='line_1_25' title="bbox 294 2931 1393 3026; baseline 0 -22"><span class='ocrx_word' id='word_1_170' title='bbox 294 2942 371 3024; x_wconf 90' lang='lat' dir='ltr'><strong>post</strong></span> <span class='ocrx_word' id='word_1_171' title='bbox 391 2953 484 3012; x_wconf 74' lang='lat' dir='ltr'><strong>anno.</strong></span> <span class='ocrx_word' id='word_1_172' title='bbox 500 2936 711 3025; x_wconf 82' lang='lat' dir='ltr'><strong>Aegienses,</strong></span> <span class='ocrx_word' id='word_1_173' title='bbox 731 2944 904 3026; x_wconf 85' lang='lat' dir='ltr'><strong>postquam</strong></span> <span class='ocrx_word' id='word_1_174' title='bbox 924 2931 1123 3024; x_wconf 84' lang='lat' dir='ltr'><strong>praesidium</strong></span> <span class='ocrx_word' id='word_1_175' title='bbox 1143 2935 1262 3025; x_wconf 90' lang='lat' dir='ltr'><strong>oppido</strong></span> <span class='ocrx_word' id='word_1_176' title='bbox 1282 2939 1393 3006; x_wconf 90' lang='lat' dir='ltr'><strong>eiece-</strong></span> 
     </span>
     <span class='ocr_line' id='line_1_26' title="bbox 247 3028 1394 3124; baseline 0.005 -25"><span class='ocrx_word' id='word_1_177' title='bbox 247 3028 249 3034; x_wconf 81' lang='grc'><strong>’</strong></span> <span class='ocrx_word' id='word_1_178' title='bbox 294 3039 388 3121; x_wconf 92' lang='lat' dir='ltr'><strong>runt,</strong></span> <span class='ocrx_word' id='word_1_179' title='bbox 420 3032 525 3100; x_wconf 88' lang='lat' dir='ltr'><strong>cidem</strong></span> <span class='ocrx_word' id='word_1_180' title='bbox 555 3032 713 3124; x_wconf 87' lang='lat' dir='ltr'><strong>adscripti</strong></span> <span class='ocrx_word' id='word_1_181' title='bbox 744 3045 822 3104; x_wconf 89' lang='lat' dir='ltr'><strong>sunt</strong></span> <span class='ocrx_word' id='word_1_182' title='bbox 852 3039 1011 3104; x_wconf 86' lang='lat' dir='ltr'><strong>societati.</strong></span> <span class='ocrx_word' id='word_1_183' title='bbox 1064 3037 1147 3102; x_wconf 81' lang='lat' dir='ltr'><strong>Tum</strong></span> <span class='ocrx_word' id='word_1_184' title='bbox 1178 3039 1285 3104; x_wconf 90' lang='lat' dir='ltr'><strong>secuti</strong></span> <span class='ocrx_word' id='word_1_185' title='bbox 1314 3046 1394 3105; x_wconf 89' lang='lat' dir='ltr'><strong>sunt</strong></span> 
     </span>
     <span class='ocr_line' id='line_1_27' title="bbox 295 3132 1392 3228; baseline 0.006 -30"><span class='ocrx_word' id='word_1_186' title='bbox 295 3132 388 3199; x_wconf 88' lang='lat' dir='ltr'><strong>Burii</strong></span> <span class='ocrx_word' id='word_1_187' title='bbox 415 3135 526 3200; x_wconf 80' lang='lat' dir='ltr'><strong>occiso</strong></span> <span class='ocrx_word' id='word_1_188' title='bbox 554 3140 708 3222; x_wconf 91' lang='lat' dir='ltr'><strong>tyranno.</strong></span> <span class='ocrx_word' id='word_1_189' title='bbox 758 3135 863 3204; x_wconf 80' lang='lat' dir='ltr'><strong>Simul</strong></span> <span class='ocrx_word' id='word_1_190' title='bbox 893 3137 992 3202; x_wconf 89' lang='lat' dir='ltr'><strong>etiam</strong></span> <span class='ocrx_word' id='word_1_191' title='bbox 1013 3153 1084 3202; x_wconf 90' lang='lat' dir='ltr'><strong>cum</strong></span> <span class='ocrx_word' id='word_1_192' title='bbox 1105 3136 1157 3201; x_wconf 88' lang='lat' dir='ltr'><strong>his</strong></span> <span class='ocrx_word' id='word_1_193' title='bbox 1179 3135 1392 3228; x_wconf 80' lang='lat' dir='ltr'><strong>Cerynenses</strong></span> 
     </span>
     <span class='ocr_line' id='line_1_28' title="bbox 296 3234 1393 3324; baseline 0.005 -25"><span class='ocrx_word' id='word_1_194' title='bbox 296 3234 468 3322; x_wconf 82' lang='lat' dir='ltr'><strong>pristinum</strong></span> <span class='ocrx_word' id='word_1_195' title='bbox 489 3240 610 3300; x_wconf 90' lang='lat' dir='ltr'><strong>statum</strong></span> <span class='ocrx_word' id='word_1_196' title='bbox 630 3243 843 3324; x_wconf 87' lang='lat' dir='ltr'><strong>receperunt,</strong></span> <span class='ocrx_word' id='word_1_197' title='bbox 865 3255 961 3322; x_wconf 87' lang='lat' dir='ltr'><strong>quum</strong></span> <span class='ocrx_word' id='word_1_198' title='bbox 982 3255 1093 3302; x_wconf 88' lang='lat' dir='ltr'><strong>eorum</strong></span> <span class='ocrx_word' id='word_1_199' title='bbox 1113 3242 1275 3323; x_wconf 90' lang='lat' dir='ltr'><strong>tyrannus</strong></span> <span class='ocrx_word' id='word_1_200' title='bbox 1296 3240 1393 3306; x_wconf 84' lang='lat' dir='ltr'><strong>lseas</strong></span> 
     </span>
     <span class='ocr_line' id='line_1_29' title="bbox 227 3335 1393 3428; baseline 0.004 -26"><span class='ocrx_word' id='word_1_201' title='bbox 227 3399 233 3412; x_wconf 86' lang='grc'><strong>,</strong></span> <span class='ocrx_word' id='word_1_202' title='bbox 297 3339 403 3422; x_wconf 92' lang='lat' dir='ltr'><strong>metu,</strong></span> <span class='ocrx_word' id='word_1_203' title='bbox 425 3353 476 3402; x_wconf 48' lang='lat' dir='ltr'><strong>ne¹</strong></span> <span class='ocrx_word' id='word_1_204' title='bbox 489 3341 523 3401; x_wconf 91' lang='lat' dir='ltr'><strong>et</strong></span> <span class='ocrx_word' id='word_1_205' title='bbox 543 3337 631 3423; x_wconf 81' lang='lat' dir='ltr'><strong>ipse,</strong></span> <span class='ocrx_word' id='word_1_206' title='bbox 647 3338 906 3425; x_wconf 16' lang='lat' dir='ltr'><strong>lutreliquarum</strong></span> <span class='ocrx_word' id='word_1_207' title='bbox 927 3337 1052 3403; x_wconf 87' lang='lat' dir='ltr'><strong>urbium</strong></span> <span class='ocrx_word' id='word_1_208' title='bbox 1072 3335 1210 3427; x_wconf 88' lang='lat' dir='ltr'><strong>domini,</strong></span> <span class='ocrx_word' id='word_1_209' title='bbox 1243 3341 1393 3428; x_wconf 84' lang='lat' dir='ltr'><strong>expelle-</strong></span> 
     </span>
     <span class='ocr_line' id='line_1_30' title="bbox 297 3419 1393 3526; baseline 0.007 -26"><span class='ocrx_word' id='word_1_210' title='bbox 297 3439 389 3502; x_wconf 90' lang='lat' dir='ltr'><strong>retur</strong></span> <span class='ocrx_word' id='word_1_211' title='bbox 409 3441 467 3502; x_wconf 88' lang='lat' dir='ltr'><strong>aut</strong></span> <span class='ocrx_word' id='word_1_212' title='bbox 488 3434 712 3524; x_wconf 87' lang='lat' dir='ltr'><strong>occideretur,</strong></span> <span class='ocrx_word' id='word_1_213' title='bbox 732 3438 819 3504; x_wconf 91' lang='lat' dir='ltr'><strong>ultro</strong></span> <span class='ocrx_word' id='word_1_214' title='bbox 839 3419 1003 3504; x_wconf 77' lang='lat' dir='ltr'><strong>dominatu</strong></span> <span class='ocrx_word' id='word_1_215' title='bbox 1024 3438 1148 3526; x_wconf 90' lang='lat' dir='ltr'><strong>posito,</strong></span> <span class='ocrx_word' id='word_1_216' title='bbox 1178 3437 1222 3504; x_wconf 89' lang='lat' dir='ltr'><strong>ad</strong></span> <span class='ocrx_word' id='word_1_217' title='bbox 1243 3458 1393 3508; x_wconf 90' lang='lat' dir='ltr'><strong>conven-</strong></span> 
     </span>
     <span class='ocr_line' id='line_1_31' title="bbox 298 3534 1393 3628; baseline 0.005 -26"><span class='ocrx_word' id='word_1_218' title='bbox 298 3540 366 3602; x_wconf 92' lang='lat' dir='ltr'><strong>tum</strong></span> <span class='ocrx_word' id='word_1_219' title='bbox 395 3534 604 3601; x_wconf 87' lang='lat' dir='ltr'><strong>Achaeorum</strong></span> <span class='ocrx_word' id='word_1_220' title='bbox 633 3537 799 3604; x_wconf 89' lang='lat' dir='ltr'><strong>civitatem</strong></span> <span class='ocrx_word' id='word_1_221' title='bbox 826 3555 920 3601; x_wconf 90' lang='lat' dir='ltr'><strong>snam</strong></span> <span class='ocrx_word' id='word_1_222' title='bbox 957 3535 1151 3625; x_wconf 89' lang='lat' dir='ltr'><strong>adiecisset,</strong></span> <span class='ocrx_word' id='word_1_223' title='bbox 1183 3537 1276 3626; x_wconf 77' lang='lat' dir='ltr'><strong>quos</strong></span> <span class='ocrx_word' id='word_1_224' title='bbox 1294 3543 1393 3628; x_wconf 91' lang='lat' dir='ltr'><strong>paulo</strong></span> 
     </span>
     <span class='ocr_line' id='line_1_32' title="bbox 300 3631 1402 3733; baseline 0.005 -33"><span class='ocrx_word' id='word_1_225' title='bbox 300 3631 420 3720; x_wconf 70' lang='lat' dir='ltr'><strong>serius3</strong></span> <span class='ocrx_word' id='word_1_226' title='bbox 441 3641 576 3721; x_wconf 88' lang='lat' dir='ltr'><strong>praeter</strong></span> <span class='ocrx_word' id='word_1_227' title='bbox 590 3631 728 3720; x_wconf 84' lang='lat' dir='ltr'><strong>Olenum</strong></span> <span class='ocrx_word' id='word_1_228' title='bbox 749 3642 784 3704; x_wconf 92' lang='lat' dir='ltr'><strong>et</strong></span> <span class='ocrx_word' id='word_1_229' title='bbox 801 3637 943 3733; x_wconf 83' lang='lat' dir='ltr'><strong>Helicen</strong></span> <span class='ocrx_word' id='word_1_230' title='bbox 964 3641 1075 3705; x_wconf 89' lang='lat' dir='ltr'><strong>terrae</strong></span> <span class='ocrx_word' id='word_1_231' title='bbox 1096 3644 1184 3705; x_wconf 90' lang='lat' dir='ltr'><strong>motu</strong></span> <span class='ocrx_word' id='word_1_232' title='bbox 1204 3639 1402 3730; x_wconf 80' lang='lat' dir='ltr'><strong>absorptas,</strong></span> 
     </span>
     <span class='ocr_line' id='line_1_33' title="bbox 299 3733 1392 3829; baseline 0.009 -30"><span class='ocrx_word' id='word_1_233' title='bbox 299 3734 405 3800; x_wconf 88' lang='lat' dir='ltr'><strong>secuti</strong></span> <span class='ocrx_word' id='word_1_234' title='bbox 436 3739 514 3800; x_wconf 89' lang='lat' dir='ltr'><strong>sunt</strong></span> <span class='ocrx_word' id='word_1_235' title='bbox 540 3733 729 3823; x_wconf 81' lang='lat' dir='ltr'><strong>Leontium,</strong></span> <span class='ocrx_word' id='word_1_236' title='bbox 758 3737 916 3825; x_wconf 73' lang='lat' dir='ltr'><strong>Aegyra,</strong></span> <span class='ocrx_word' id='word_1_237' title='bbox 942 3736 1087 3806; x_wconf 88' lang='lat' dir='ltr'><strong>Pellene.</strong></span> <span class='ocrx_word' id='word_1_238' title='bbox 1108 3737 1172 3822; x_wconf 78' lang='lat' dir='ltr'><strong>(Cf.</strong></span> <span class='ocrx_word' id='word_1_239' title='bbox 1193 3739 1293 3808; x_wconf 82' lang='lat' dir='ltr'><strong>Paus.</strong></span> <span class='ocrx_word' id='word_1_240' title='bbox 1309 3741 1392 3829; x_wconf 84' lang='lat' dir='ltr'><strong>vu,</strong></span> 
     </span>
     <span class='ocr_line' id='line_1_34' title="bbox 299 3833 1271 3932; baseline 0.011 -36"><span class='ocrx_word' id='word_1_241' title='bbox 299 3835 335 3922; x_wconf 80' lang='lat' dir='ltr'><strong>d,</strong></span> <span class='ocrx_word' id='word_1_242' title='bbox 348 3835 387 3897; x_wconf 78' lang='lat' dir='ltr'><strong>a.</strong></span> <span class='ocrx_word' id='word_1_243' title='bbox 409 3837 443 3898; x_wconf 91' lang='lat' dir='ltr'><strong>et</strong></span> <span class='ocrx_word' id='word_1_244' title='bbox 462 3834 499 3920; x_wconf 82' lang='grc'><strong>8,</strong></span> <span class='ocrx_word' id='word_1_245' title='bbox 520 3834 549 3896; x_wconf 92' lang='grc'><strong>1.</strong></span> <span class='ocrx_word' id='word_1_246' title='bbox 570 3833 686 3921; x_wconf 90' lang='lat' dir='ltr'><strong>Polyb.</strong></span> <span class='ocrx_word' id='word_1_247' title='bbox 706 3836 729 3900; x_wconf 88' lang='lat' dir='ltr'><strong>l.</strong></span> <span class='ocrx_word' id='word_1_248' title='bbox 750 3853 779 3902; x_wconf 92' lang='lat' dir='ltr'><strong>c.</strong></span> <span class='ocrx_word' id='word_1_249' title='bbox 800 3834 913 3903; x_wconf 80' lang='lat' dir='ltr'><strong>Strah.</strong></span> <span class='ocrx_word' id='word_1_250' title='bbox 928 3837 1033 3926; x_wconf 85' lang='lat' dir='ltr'><strong>¹Vlll,</strong></span> <span class='ocrx_word' id='word_1_251' title='bbox 1053 3843 1084 3906; x_wconf 79' lang='lat' dir='ltr'><strong>t.</strong></span> <span class='ocrx_word' id='word_1_252' title='bbox 1104 3863 1135 3927; x_wconf 89' lang='lat' dir='ltr'><strong>p.</strong></span> <span class='ocrx_word' id='word_1_253' title='bbox 1155 3843 1244 3932; x_wconf 60' lang='lat'><strong>22⁰.)</strong></span> <span class='ocrx_word' id='word_1_254' title='bbox 1268 3839 1271 3848; x_wconf 91' lang='lat'>&#39;</span> 
     </span>
    </p>

    <p class='ocr_par' dir='ltr' id='par_1_10' title="bbox 290 3933 1392 4327">
     <span class='ocr_line' id='line_1_35' title="bbox 290 3933 1392 4026; baseline 0.015 -30"><span class='ocrx_word' id='word_1_255' title='bbox 290 4011 298 4026; x_wconf 40' lang='grc'>,</span> <span class='ocrx_word' id='word_1_256' title='bbox 383 3933 437 3998; x_wconf 91' lang='lat' dir='ltr'><strong>Ac</strong></span> <span class='ocrx_word' id='word_1_257' title='bbox 466 3939 594 4020; x_wconf 88' lang='lat' dir='ltr'><strong>tempus</strong></span> <span class='ocrx_word' id='word_1_258' title='bbox 626 3933 753 4020; x_wconf 77' lang='lat' dir='ltr'><strong>quidem</strong></span> <span class='ocrx_word' id='word_1_259' title='bbox 782 3935 862 4002; x_wconf 91' lang='lat' dir='ltr'><strong>illud</strong></span> <span class='ocrx_word' id='word_1_260' title='bbox 893 3939 1044 4005; x_wconf 88' lang='lat' dir='ltr'><strong>societati</strong></span> <span class='ocrx_word' id='word_1_261' title='bbox 1075 3941 1289 4010; x_wconf 90' lang='lat' dir='ltr'><strong>renovandae</strong></span> <span class='ocrx_word' id='word_1_262' title='bbox 1320 3953 1392 4012; x_wconf 88' lang='lat' dir='ltr'><strong>erat</strong></span> 
     </span>
     <span class='ocr_line' id='line_1_36' title="bbox 300 4032 1391 4131; baseline 0.015 -33"><span class='ocrx_word' id='word_1_263' title='bbox 300 4032 447 4122; x_wconf 82' lang='lat' dir='ltr'><strong>prolecto</strong></span> <span class='ocrx_word' id='word_1_264' title='bbox 468 4032 850 4122; x_wconf 86' lang='lat' dir='ltr'><strong>accommodatissimum,</strong></span> <span class='ocrx_word' id='word_1_265' title='bbox 872 4057 934 4124; x_wconf 90' lang='lat' dir='ltr'><strong>quo</strong></span> <span class='ocrx_word' id='word_1_266' title='bbox 955 4044 1100 4126; x_wconf 89' lang='lat' dir='ltr'><strong>tempore</strong></span> <span class='ocrx_word' id='word_1_267' title='bbox 1116 4042 1306 4131; x_wconf 78' lang='lat' dir='ltr'><strong>Antigonus</strong></span> <span class='ocrx_word' id='word_1_268' title='bbox 1322 4045 1391 4113; x_wconf 86' lang='lat' dir='ltr'><strong>Go-</strong></span> 
     </span>
     <span class='ocr_line' id='line_1_37' title="bbox 301 4131 1390 4228; baseline 0.012 -28"><span class='ocrx_word' id='word_1_269' title='bbox 301 4137 400 4200; x_wconf 84' lang='lat' dir='ltr'><strong>natas</strong></span> <span class='ocrx_word' id='word_1_270' title='bbox 429 4131 544 4218; x_wconf 86' lang='lat' dir='ltr'><strong>paucis</strong></span> <span class='ocrx_word' id='word_1_271' title='bbox 572 4140 650 4200; x_wconf 89' lang='lat' dir='ltr'><strong>ante</strong></span> <span class='ocrx_word' id='word_1_272' title='bbox 678 4135 776 4201; x_wconf 85' lang='lat' dir='ltr'><strong>annis</strong></span> <span class='ocrx_word' id='word_1_273' title='bbox 804 4137 975 4226; x_wconf 86' lang='lat' dir='ltr'><strong>aPyrrho</strong></span> <span class='ocrx_word' id='word_1_274' title='bbox 995 4140 1133 4228; x_wconf 78' lang='lat' dir='ltr'><strong>Epirota</strong></span> <span class='ocrx_word' id='word_1_275' title='bbox 1154 4159 1197 4207; x_wconf 83' lang='lat' dir='ltr'><strong>ex</strong></span> <span class='ocrx_word' id='word_1_276' title='bbox 1216 4144 1315 4211; x_wconf 88' lang='lat' dir='ltr'><strong>ltalia</strong></span> <span class='ocrx_word' id='word_1_277' title='bbox 1337 4166 1390 4214; x_wconf 91' lang='lat' dir='ltr'><strong>rc-</strong></span> 
     </span>
     <span class='ocr_line' id='line_1_38' title="bbox 302 4231 1389 4327; baseline 0.006 -27"><span class='ocrx_word' id='word_1_278' title='bbox 302 4231 405 4321; x_wconf 90' lang='lat' dir='ltr'><strong>duce,</strong></span> <span class='ocrx_word' id='word_1_279' title='bbox 426 4232 576 4300; x_wconf 83' lang='lat' dir='ltr'><strong>cuieese</strong></span> <span class='ocrx_word' id='word_1_280' title='bbox 595 4231 787 4306; x_wconf 84' lang='lat' dir='ltr'><strong>adiunxisse</strong></span> <span class='ocrx_word' id='word_1_281' title='bbox 807 4237 959 4308; x_wconf 88' lang='lat' dir='ltr'><strong>videntur</strong></span> <span class='ocrx_word' id='word_1_282' title='bbox 971 4240 1122 4310; x_wconf 83' lang='lat' dir='ltr'><strong>Achaiae</strong></span> <span class='ocrx_word' id='word_1_283' title='bbox 1143 4241 1243 4309; x_wconf 86' lang='lat' dir='ltr'><strong>urbes</strong></span> <span class='ocrx_word' id='word_1_284' title='bbox 1263 4245 1389 4327; x_wconf 74' lang='lat' dir='ltr'><strong>(louein.</strong></span> 
     </span>
    </p>
   </div>
   <div class='ocr_carea' id='block_1_9' title="bbox 0 0 1456 4956">
    <p class='ocr_par' dir='ltr' id='par_1_11' title="bbox 0 0 1456 4956">
     <span class='ocr_line' id='line_1_39' title="bbox 0 0 1456 4956; baseline 0 0"><span class='ocrx_word' id='word_1_285' title='bbox 0 0 1456 4956; x_wconf 95' lang='lat' dir='ltr'><strong> </strong></span> 
     </span>
    </p>
   </div>
  </div>
 </body>
</html>
