2864 4960
633 331 681 344 -
746 297 819 368 112
879 331 928 344 -

234 487 395 567 sermonis
416 501 457 550 ac
478 483 574 572 paulo
596 484 820 580 festinantius,
847 505 914 553 non
938 494 1049 556 tamen
1075 490 1158 558 sine
1191 490 1352 558 veritatis

233 587 340 656 studio
365 586 571 672 conscriptos
592 603 670 652 esse
690 583 787 672 dicat,
807 585 976 674 siquidem,
990 605 1074 674 quae
1090 589 1140 655 ab
1157 590 1242 654 aliis
1256 590 1354 656 iabo-

177 717 179 730 ·
234 690 309 755 losa
341 684 462 761 tradita
487 690 619 771 essent,
647 685 819 753 abArato
852 688 973 754 omissa
1003 689 1080 764 siut.
1133 689 1354 780 Perstringit

189 779 193 787 ’
235 787 374 853 Aratum
386 787 428 853 ob
441 785 603 871 convicio,
625 783 740 870 quibus
755 800 858 876 reges
878 791 929 854 sni
942 789 1110 878 temporie,
1128 789 1351 878 Antigonum

234 888 381 974 inprimis
416 884 595 972 Gouatam,
627 885 846 954 laceraverat.
907 889 987 956 Nou
1014 890 1211 956 assentitur
1241 892 1352 956 Arato

233 983 285 1080 (6.
306 981 380 1077 dd.)
401 987 441 1052 iu
461 987 519 1073 iis,
541 1003 625 1072 quae
645 983 688 1052 de
709 992 837 1054 tentata
857 988 1063 1056 Athenarum
1084 993 1353 1078 expugnatione
1377 1073 1379 1076 Ι

113 1101 116 1110 ’
233 1092 358 1153 narrat
392 1087 513 1173 Neque
532 1091 658 1154 tautum
678 1087 709 1152 ei
728 1087 849 1174 tribuit,
870 1095 906 1156 ut
927 1091 1010 1156 alios
1030 1089 1256 1182 negligeret3
1278 1091 1350 1178 plu-

233 1206 290 1254 res
311 1187 406 1254 *euim
426 1205 499 1253 eum
521 1187 726 1254 consuluisse
746 1185 890 1254 diversis
910 1189 993 1256 locis
1013 1191 1224 1278 invenimus,
1247 1190 1350 1278 Poly-

234 1289 320 1354 bium
339 1285 390 1380 (c.
403 1281 487 1377 66],
506 1288 598 1352 euius
619 1307 776 1352 summum
797 1285 884 1376 apud
905 1307 978 1354 eum
997 1289 1101 1355 inisse
1123 1309 1259 1374 nornen
1273 1289 1348 1356 iude

235 1393 384 1476 apparet,
406 1384 502 1474 quod,
523 1387 578 1452 ubi
597 1387 760 1474 Polybius.
774 1387 817 1454 ab
841 1389 944 1454 Arato
958 1387 1163 1477 discederet,
1181 1389 1277 1456 illius
1288 1408 1346 1456 au·

236 1489 420 1556 ctoritatem
445 1487 637 1574 praeterret.
678 1489 725 1554 lit
749 1497 847 1574 reete
866 1487 1009 1580 quidem,
1036 1490 1171 1556 Aratus
1195 1491 1288 1556 euim
1307 1489 1347 1554 de

91 1579 100 1594 ”
234 1588 333 1656 rebus
359 1605 381 1653 a
408 1606 447 1654 se
475 1589 584 1676 gestis
613 1587 765 1656 scribens
793 1591 897 1676 potnit
922 1589 978 1654 ille
1008 1588 1138 1674 quidem
1161 1593 1272 1657 multa
1293 1592 1344 1657 vel

235 1687 365 1766 silentio
402 1689 605 1775 praeterire,
642 1688 713 1776 vel,
749 1688 804 1754 ubi
840 1689 1118 1776 reprehensiones
1152 1696 1345 1775 vereretur,

236 1786 328 1854 cordi
347 1789 527 1874 animoque
548 1807 609 1854 suo
629 1787 823 1875 obsecutus,
840 1787 1102 1856 xbenevolentius
1131 1795 1241 1876 atque
1263 1807 1342 1856 cau-

235 1885 341 1954 didius
355 1905 555 1978 proponere3
576 1905 670 1974 quam
686 1887 728 1956 ob
749 1905 820 1953 rem
834 1905 898 1954 uec
914 1889 1093 1976 Phylarchi
1106 1891 1341 1956 auctoritatem

124 2026 129 2035 ι
234 1989 389 2078 negligit,
405 1989 457 2054 cui
478 1994 598 2074 66666,
618 1988 682 2054 nisi
702 1984 1159 2077 accedatPol'ybius,parum
1181 1987 1261 2056 fidei
1282 1989 1341 2055 ha-

235 2087 376 2163 bendum
403 2107 481 2156 esse
508 2093 629 2156 monet.
670 2086 790 2154 Diniae
811 2105 941 2174 quoque
960 2089 1124 2176 Argolica
1146 2085 1206 2180 (a
1228 2091 1281 2152 26.
1304 2090 1339 2153 ct.

175 2233 176 2238 ι
235 2189 354 2258 Moneo
375 2185 488 2276 spor-t.
509 2189 570 2274 ιιι.
592 2211 623 2277 p.
645 2191 716 2252 lau
737 2187 816 2254 Not.
836 2190 867 2252 6.
889 2188 1001 2254 Lucos
1021 2187 1043 2254 l.
1065 2207 1094 2254 o.
1116 2213 1149 2278 p
1171 2191 1227 2254 aa.
1251 2183 1340 2276 sqq.)
1423 2198 1424 2220 ¹

135 2306 137 2311 ·
236 2295 270 2356 66
296 2289 482 2356 Polemonis
511 2289 687 2375 περὶτῶν
716 2287 750 2354 ἑν
781 2279 1337 2376 §apsaretianensium

237 2391 288 2454 la.
309 2389 432 2454 Athen.
454 2387 550 2454 Xlll.
572 2375 603 2476 p.
624 2381 719 2476 567.)
741 2387 875 2474 cognita
895 2387 1016 2454 habuit.

318 2484 421 2552 Iidem
437 2487 540 2582 Arati
561 2487 812 2552 commentarii
802 2507 836 2551 rn
856 2487 978 2578 Agidis
999 2495 1033 2556 et
1052 2486 1252 2556 Cleomenis
1273 2487 1338 2554 vita

236 2585 340 2675 primo
361 2587 435 2653 loco
454 2588 543 2655 inter
563 2585 732 2652 Plutarchi
751 2585 859 2652 fontes
880 2586 1022 2674 ponendi
1041 2595 1119 2656 sunt
1144 2589 1213 2672 (el.
1228 2589 1298 2676 Ag
1311 2605 1336 2650 c.

236 2689 287 2752 16.
318 2684 440 2754 Cleom.
470 2689 500 2752 5.
528 2689 579 2752 26.
604 2683 691 2775 aa..)
734 2684 942 2754 consultavit
971 2693 1082 2754 tamen
1107 2695 1252 2775 praeter
1279 2687 1335 2752 hos

236 2789 485 2855 commentarios
515 2787 676 2856 Batonem
701 2803 828 2872 quoque
855 2781 1074 2874 Sinopensem
1101 2785 1187 2880 (vit.
1215 2789 1284 2876 Ag.
1309 2801 1334 2848 c.

237 2890 287 2952 15
289 2889 324 2978 J,
342 2885 490 2975 Sphaeri
504 2886 787 2998 Borysthenitae,
799 2883 986 2954 Cleomenis
998 2890 1241 2976 praeceptoris,
1258 2887 1334 2968 oroi

237 2991 299 3077 τῆς
328 2981 534 3074 Λακωνικῆς
564 2983 740 3063 πολιτείας
769 2989 894 3073 scripta
922 2983 1151 3078 (AthemIV.
1173 2983 1332 3076 p.141.,)
1423 2939 1424 3037 6

139 3093 143 3105 ’
236 3087 407 3177 Polybium
432 3092 466 3154 et
493 3085 738 3174 Phylarchum,
758 3105 853 3171 quem
881 3087 915 3152 in
944 3086 1082 3154 historia
1102 3085 1284 3156 scribenda
1302 3079 1332 3146 id

234 3189 376 3256 maxime
405 3187 467 3252 sibi
480 3184 689 3274 propositum
707 3185 884 3274 habuisse,
905 3192 942 3254 ut
961 3188 1058 3254 animi
1079 3191 1221 3256 allectus
1242 3185 1349 3252 cxci,

235 3293 325 3354 taret
349 3296 453 3373 *atque
480 3287 633 3354 veritatis
660 3283 821 3354 interdum
850 3287 980 3354 ritioue
1007 3306 1122 3376 parum
1151 3287 1267 3354 habita
1291 3278 1329 3348 ad
1423 3295 1424 3330 6

213 3387 552 3462 commiserationem
571 3386 716 3461 lectores
746 3391 896 3473 raperet,
925 3403 968 3454 ex
997 3387 1126 3474 Polybii
1154 3389 1211 3454 lib.
1240 3384 1283 3452 Π.
1304 3398 1329 3444 6.
1419 3395 1424 3457 ,ι

238 3589 321 3655 chus
329 3587 519 3676 Phylarcho,
539 3586 593 3672 qui
612 3585 805 3652 acerrimum
826 3583 964 3672 quidem,
978 3593 1170 3654 nontamen
1189 3586 1327 3670 iniquum

236 3687 374 3756 indicem
395 3692 512 3754 nactus
534 3691 587 3752 est
606 3685 643 3752 in
661 3673 798 3770 Polybio
819 3681 939 3772 (qnam
958 3685 1116 3752 Haerenii
1135 3681 1326 3754 senteutiam

234 3791 364 3878 fugisse
384 3786 552 3852 Lucaml.
574 3801 603 3848 c.
625 3804 656 3870 p.
677 3783 811 3846 54-57
832 3783 967 3873 miror),
998 3785 1131 3870 seriptis
1159 3802 1239 3852 usus
1268 3780 1325 3843 est·

237 3887 278 3955 Iu
308 3887 405 3952 Arati
433 3885 519 3950 enim
547 3884 617 3950 vita
637 3879 848 3968 reprehendit
867 3882 1104 3972 Phylarchum,
1125 3880 1211 3970 quod
1231 3875 1324 3946 cleo

237 3986 343 4054 menis
363 3983 492 4051 nimium
512 3961 697 4070 studiosus,
727 3982 815 4048 hunc
843 3981 1023 4052 laudibus'
1010 4002 1045 4050 ιιι
1065 3985 1192 4051 coelum
1211 3969 1324 4054 tulerit,

237 4085 377 4153 irdusbrs
405 4081 560 4208 contra
550 4102 584 4150 6
612 4081 750 4150 Arabm
771 4083 1013 4156 criminationes
1034 4090 1158 4212 temere
1184 4073 1322 4146 cumide-

238 4181 372 4258 verit

134 3489 138 3498 '
235 3489 288 3552 56.
310 3490 381 3574 sqq
403 3487 561 3554 novimus.
602 3485 678 3554 Nec
703 3478 814 3552 tamen
834 3485 906 3550 sinc
927 3484 1044 3554 iudicio
1065 3488 1179 3555 critico
1201 3486 1327 3551 Plutar
1423 3495 1424 3532 ι
