2864 4960
699 335 1064 451 -roow

255 605 257 612 ·
297 569 344 638 ad.
361 587 456 657 quam
477 568 538 634 sub
564 561 816 655 Philopoemene
837 567 1031 655 pervenisse
1052 549 1244 652 videbatur„
1276 565 1396 638 Genti·

295 665 413 742 nuerat
433 663 512 736 illud
533 665 764 762 quodammodo
786 669 821 733 et
841 669 988 736 nonnihil
1009 663 1107 734 etiam
1121 669 1308 736 firmaverat
1317 671 1377 756 Ly-

294 778 406 838 curtas
427 768 681 858 Polybiipater,
703 764 764 831 sed
780 784 863 833 saue
877 773 954 854 post
967 767 1088 834 bellum
1100 767 1281 855 Persicum,
1294 787 1388 854 quumx

291 873 356 940 iam
387 869 487 935 multa
508 868 646 936 Romani
667 886 727 954 pro
757 859 963 933 auctoritate
975 873 1118 954 agerent
1141 885 1214 936 curu
1234 867 1376 953 Achaeis,

223 1033 225 1038 .
275 967 483 1069 'quamquam
503 969 594 1034 stetit
615 964 723 1033 adhuc
743 965 858 1033 foedus
872 967 1063 1053 Achaicum,
1077 973 1188 1034 tamen
1209 983 1276 1034 non
1294 967 1376 1036 nimis

270 1089 386 1158 'porro
407 1068 567 1136 firmitatis
587 1067 730 1134 habebat
750 1071 785 1133 et
806 1064 893 1132 haud
913 1068 960 1132 ita
981 1065 1034 1132 diu
1049 1069 1187 1156 amplius
1202 1065 1375 1132 duraturum

287 1168 394 1236 videri
423 1173 562 1260 poterat.
604 1169 721 1254 Itaque
750 1172 785 1232 et
814 1172 897 1232 sect.
922 1169 954 1230 c.
983 1167 1078 1233 huius
1108 1168 1245 1256 capitis,
1272 1166 1322 1232 ubi
1340 1163 1374 1228 de

288 1269 426 1336 llorbnte
446 1273 536 1333 statu
556 1267 652 1334 huius
672 1263 815 1334 foederis
836 1267 989 1354 loquitur,
1003 1267 1109 1334 verbo
1131 1268 1231 1332 utitur
1251 1266 1283 1329 in
1302 1269 1373 1330 ten·

284 1367 365 1458 pore
385 1368 565 1456 praeterito
580 1349 660 1449 ἑνῷ
681 1363 758 1432 καθ’
777 1364 869 1453 ἡμᾶς
892 1352 998 1454 oinct
1019 1367 1103 1435 libro
1118 1365 1179 1453 IV,
1192 1369 1244 1452 82,
1261 1367 1290 1428 9.
1304 1361 1372 1428 deos

286 1472 452 1556 precatur,
473 1473 508 1532 ut
528 1465 690 1554 praesens
711 1465 933 1553 Peloponnesi
954 1472 1061 1534 status
1077 1468 1185 1555 possit
1201 1465 1371 1550 συμφῦναι,

283 1566 318 1633 id
339 1573 391 1633 est
406 1567 606 1634 coalescere
620 1572 654 1633 et
674 1566 858 1632 firmitatem
879 1565 1021 1652 aliquam
1036 1567 1309 1649 stabilitatemque
1321 1561 1371 1638 ob-

177 1742 182 1754 ¹
279 1668 396 1746 tinere.
439 1665 565 1736 Monuit
590 1667 725 1753 insuper
746 1662 1094 1753 SchWeighacuserus
1110 1660 1369 1734 Casauboniillo-

279 1786 353 1833 rum
374 1765 549 1832 verborum
569 1736 894 1853 interpretationem
925 1776 961 1830 ui
982 1772 1076 1832 etiam
1096 1773 1131 1833 io
1146 1775 1303 1854 posterum
1320 1763 1368 1824 uli·

179 1945 181 1960 ,
281 1868 429 1953 quamdiu
448 1870 561 1932 saliem
580 1889 633 1932 res
655 1869 799 1943 duraret,
820 1863 936 1930 falsam
958 1884 1054 1957 esse,
1086 1867 1165 1934 nihil
1188 1870 1239 1932 cst
1266 1867 1366 1944 autem,

279 1967 393 2056 inquit,
414 1969 459 2032 in·
472 1963 628 2053 Graecis,
646 1967 698 2031 cui
719 1963 923 2053 respondeat
936 1965 1058 2031 Latina
1077 1967 1241 2053 particula
1260 1964 1366 2033 saitem,

238 2065 242 2072 '
279 2084 378 2153 quam
398 2064 680 2152 deletammalim,
701 2083 745 2131 ne
767 2066 840 2151 quis
861 2065 1058 2153 suspicetur,
1071 2069 1197 2154 scripta
1218 2064 1298 2132 haec
1315 2057 1365 2122 de-

276 2187 363 2234 mum
379 2159 456 2234 esse
471 2163 547 2254 posi
563 2167 681 2232 bellum
695 2164 889 2252 Achaicum,
903 2163 1063 2233 dissoluto
1077 2166 1212 2235 loedere
1226 2160 1364 2230 Achaico.

278 2269 327 2336 At
348 2266 425 2354 quid
445 2265 578 2333 tandem
608 2267 689 2331 lucri
717 2267 865 2331 nascitur
886 2269 1079 2353 permutatis
1100 2265 1269 2356 particulis
1288 2259 1364 2326 istis:
1383 2252 1387 2261 ¹

277 2369 488 2454 aliquantum,
510 2366 669 2452 nonnihil,
691 2355 917 2450 ahquamdiut
937 2365 1096 2434 foedusne
1116 2366 1297 2434 Achaicum
1316 2355 1366 2423 ad·

156 2521 158 2528 ,
276 2468 341 2535 huc
363 2465 514 2553 durasse,
537 2485 634 2551 quum
655 2483 697 2531 ea
718 2465 882 2532 scriberet
895 2453 1081 2554 Polybius?
1107 2472 1158 2536 At
1177 2470 1248 2554 ipsc
1267 2467 1365 2528 auctor

275 2562 310 2656 s.
331 2569 363 2630 c.
386 2563 582 2633 contradicit
602 2564 735 2632 verbis:
759 2563 806 2640 εἰς
827 2557 958 2654 ταύτην
979 2554 1065 2658 ἦλθε
1087 2561 1151 2656 τὴν
1174 2555 1363 2634 συντέλειαν,
1408 2623 1409 2626 ,

184 2705 188 2714 ·
276 2665 314 2733 ἐν
347 2648 367 2754 ἦ
396 2665 473 2748 καθ’
495 2664 586 2757 ἡμᾶς
608 2651 666 2754 ἢν,
696 2656 783 2750 ὑπὲρ
806 2651 846 2752 ἧς
876 2659 969 2732 κατὰ
991 2658 1099 2753 μέρος
1121 2668 1250 2754 ἀρτίως
1270 2651 1361 2725 εἷπον·
1408 2653 1409 2719 l

184 2811 190 2820 ,
278 2767 322 2834 ad
343 2786 417 2834 eam
436 2767 673 2855 perfectionem
693 2764 827 2832 tandem
847 2767 1010 2854 pervenit,
1029 2785 1127 2854 quam
1140 2771 1254 2834 nostra
1267 2761 1360 2826 aetate

279 2865 428 2954 vidimus,
450 2874 484 2934 et
505 2866 547 2934 de
569 2886 633 2954 qua
653 2869 718 2933 iam
739 2867 836 2954 paulo
858 2871 959 2932 antea
979 2869 1128 2934 nonnihil
1147 2871 1359 2935 commemora·
1407 2893 1408 2946 ,

278 2959 394 3034 vimus.
436 2966 526 3062 Vidit
552 2969 656 3056 igitur
675 2966 832 3054 Polybius
851 2967 1072 3034 'Achaeormn
1093 2971 1283 3038 societatem
1300 2975 1358 3024 om·
1407 2949 1408 2981 ¹

278 3066 374 3133 nibus
395 3067 464 3133 suis
484 3069 628 3134 numeris
649 3074 683 3134 et
702 3067 851 3154 partibus
877 3067 1056 3153 perfectam
1076 3075 1177 3156 atque
1198 3063 1357 3151 expletam,

278 3185 415 3255 numne,
438 3169 468 3233 si
488 3165 582 3234 modo
604 3173 742 3253 utraque
763 3166 930 3233 sententia
951 3165 1066 3232 eodem
1086 3175 1232 3256 tempore
1252 3159 1358 3243 scripta
1406 3175 1407 3243 i

279 3269 325 3334 sit
346 3265 482 3355 eamque
502 3266 854 3334 rerumrlchaicarum
875 3263 1092 3333 conditionem
1113 3267 1265 3356 exponat,
1278 3269 1357 3344 quac,

278 3386 374 3456 quum
395 3369 480 3436 haec
501 3367 662 3433 scriberet
682 3371 808 3451 auctor,
830 3364 977 3452 obtinuit,
997 3365 1167 3453 Polybium
1186 3365 1312 3454 primum
1324 3349 1357 3416 dc
1405 3409 1406 3418 ,

276 3471 414 3535 nutante
434 3465 567 3535 foedere
589 3472 629 3530 ac
649 3465 839 3551 vacillante,
860 3462 979 3530 deinde
999 3467 1097 3553 paulo
1117 3471 1193 3557 post
1222 3463 1263 3528 de
1281 3457 1356 3524 firmo
1405 3453 1406 3505 l

278 3568 493 3653 absolutoque
514 3567 701 3652 loquentem
721 3555 960 3632 coniiciamus‘l

360 3668 471 3732 Lucas
502 3684 585 3732 vero
612 3662 656 3756 (l.
686 3683 714 3729 c.
742 3685 774 3751 p.
805 3657 878 3752 lb.)
898 3682 1004 3752 quum,
1032 3671 1069 3732 ut
1087 3685 1181 3736 suam
1201 3651 1354 3748 deprimis
1404 3711 1405 3767 ,

272 3763 404 3851 Polyhii
424 3765 631 3856 historiarum
661 3760 787 3830 duobus
816 3761 909 3829 libris
930 3771 1010 3831 ante
1032 3764 1180 3862 Corinthi
1201 3757 1353 3831 ‘excidium

164 3933 167 3942 ,
278 3865 475 3952 conscriptis
497 3862 693 3930 sententiam
714 3862 887 3950 stabiliret,
918 3862 1189 3956 demonstrasset,
1208 3853 1353 3932 verucula

276 3965 344 4030 ista
365 3960 422 4030 biri
441 3955 556 4030 ποσὸν
577 3981 645 4029 non
665 3963 713 4027 ita
733 3979 810 4030 esse
830 3964 1045 4055 explicanda,
1073 3975 1109 4036 nt
1135 3963 1269 4035 iecerint
1295 3951 1351 4021 Ga·
1403 3975 1404 4029 l

276 4063 443 4131 sanbonus
464 4069 498 4129 et
517 4059 873 4151 Schweighaeuserus,
893 4062 955 4130 sed
975 4068 1090 4135 valere
1110 4065 1294 4135 nostratium
1312 4051 1351 4118 ei·

276 4165 518 4256 nigermassem
531 4162 720 4230 Latinorum
737 4163 847 4250 aliqua
867 4183 911 4232 ex
930 4173 1035 4254 parte,
1058 4169 1268 4256 aliquatenus,
1280 4149 1351 4224 Hel·
1402 4225 1403 4240 ,

274 4265 413 4352 singius
438 4260 482 4359 (l.
504 4281 533 4330 c.
554 4285 585 4352 p.
606 4263 658 4330 ih.
678 4261 757 4332 Not.
777 4259 851 4356 1⁰.)
879 4265 965 4360 hauc
993 4268 1106 4345 Lucae
1126 4253 1351 4354 interpretatio·
1402 4241 1403 4291 l
