2844 4952
488 311 759 388 ..237-

75 513 159 600 illim
178 511 254 576 Ν
272 505 405 572 flffiffi
430 509 549 592 e¹1³¹¹¹a
573 503 684 592 ἘΜ
702 495 842 568 “fflst
862 503 962 586 W
981 497 1162 586 mn&-

73 612 225 696 Plcrique
253 625 336 673 vcro
363 605 419 670 alii
440 604 476 670 in
501 622 543 672 co
567 605 763 692 mag-'stratu
782 607 860 668 ante
878 597 1163 686 Philopoemenem

73 709 242 777 consumti
260 707 380 794 patim
399 703 442 770 ob
461 704 653 790 imperitiam
678 720 815 792 pugnae
835 711 1000 790 equestris
1019 717 1064 765 nc
1082 723 1163 790 pro-

74 813 168 898 xtfflss
198 805 329 894 ΨΜ
356 803 550 892 lffllfflo
578 799 665 888 ‘1¹¹⁰ti
691 802 779 867 Μ’)
800 819 883 886 ⁰P¹¹s
902 817 975 895 est,
1005 801 1165 876 mandare

74 915 149 976 sunt
176 908 268 997 ansi,
291 906 411 994 partim
436 899 523 989 qnod
547 907 736 988 praeturam
762 905 850 969 votis
876 915 1073 996 appetentes
1100 909 1165 974 hoc

71 1009 271 1098 magistratu
296 1007 434 1072 invenes
454 1001 519 1068 sibi
546 998 735 1068 devinciunt
762 1009 862 1090 atque
890 1025 1003 1074 eornm
1021 993 1165 1097 gratim

74 1131 113 1178 ac
134 1105 400 1180 benevolentiam
421 1103 485 1170 subi
504 1103 540 1169 in
558 1107 724 1190 posterum
745 1101 789 1168 ad
801 1109 961 1194 suffragia
975 1113 1170 1195 comparent

72 1212 201 1278 minime
221 1202 447 1295 obiurgando,
467 1201 565 1289 qutun
583 1221 640 1268 res
659 1202 823 1290 posbrlat,
851 1203 914 1270 scd
933 1203 1167 1274 dissimulando

72 1313 195 1380 delicta
225 1326 268 1375 ac
295 1323 403 1396 parva
427 1301 584 1371 msmudi
603 1303 716 1391 gratia
735 1305 907 1372 maximum
927 1306 993 1373 illis
1013 1305 1167 1374 hunnum

72 1413 271 1495 inferentes,
290 1424 313 1472 a
332 1404 449 1492 qubus
468 1403 677 1492 praefectura
695 1404 778 1492 ipsis
805 1407 979 1472 commissa
1005 1413 1067 1474 ost
1092 1402 1166 1498 (Gt.

72 1511 189 1600 Polyb
210 1508 265 1596 X,
284 1507 337 1572 ὅ.
358 1503 430 1590 XI,
448 1496 504 1594 ἃ)

154 1613 197 1680 lu
217 1608 290 1675 acri
308 1605 364 1672 illo
385 1603 537 1689 condictu
556 1599 601 1667 ad
620 1618 749 1670 amnem
767 1603 919 1670 Larisum
940 1601 1169 1690 Philopoeme-

72 1732 148 1780 nem
168 1711 299 1776 sumet
317 1721 417 1772 manu
435 1701 698 1790 Ilamophantum
724 1702 854 1770 hostilis
883 1704 1047 1789 equitatus
1066 1720 1168 1792 prae·

72 1815 195 1882 lectum
215 1806 425 1874 interfecisse
444 1804 510 1869 iarn
529 1820 632 1890 snpra
651 1795 871 1891 exposuimus.

154 1907 307 1998 Insignis
327 1909 381 1974 est
401 1900 550 1971 secunda
569 1903 832 1991 Philopoemenis
852 1907 1027 1990 praetura,
1055 1903 1169 1986 inqua

72 2012 235 2078 Nemeum
261 2003 419 2072 ludicrum
448 2001 591 2086 (hlanso
619 2003 642 2066 l
670 2019 699 2067 c
731 2025 762 2090 p.
790 2005 863 2067 28&
892 2007 985 2068 recte
1015 2017 1108 2064 suam
1135 2005 1171 2068 et

72 2109 201 2197 Bnyeri
226 2106 426 2173 sententiam
457 2108 575 2169 contra
600 2099 786 2170 corsinium
804 2099 838 2190 s
859 2105 910 2166 ll.
932 2107 967 2167 et
987 2097 1170 2186 Schweig-

73 2213 273 2292 haeuserum
300 2203 344 2272 ad
371 2201 486 2290 Polyb.
513 2201 553 2266 T.
573 2200 633 2267 v1.
652 2223 685 2289 p.
705 2205 778 2268 etl.
799 2194 965 2291 defendit)
984 2199 1170 2287 spectavit,

73 2331 141 2379 non
167 2327 291 2398 magno
322 2303 551 2381 intervalloa
579 2320 694 2391 pugna
714 2301 758 2368 ad
786 2303 997 2372 Mantineam.
1037 2297 1170 2384 Insigni

74 2414 202 2480 honore
232 2415 266 2477 et
290 2407 402 2496 populi
431 2405 549 2492 plausu
578 2407 737 2490 exceptus
766 2404 838 2489 ipse
866 2407 954 2468 teste
983 2397 1170 2466 Plutarcho.

75 2511 114 2580 Si
133 2511 232 2578 istius
250 2524 387 2597 pugnae
406 2509 535 2591 tempus
555 2503 807 2590 investigavero
834 2505 1023 2588 praeturam
1043 2511 1183 2584 quoque·

74 2614 214 2700 primam
233 2607 364 2676 tenebo.
405 2604 562 2690 Polybius
591 2619 738 2690 pugnam
765 2602 856 2688 ponit
886 2601 974 2664 inter
994 2595 1171 2664 Asdruba-

74 2716 156 2800 lem,
178 2706 375 2775 Hannibalis
395 2705 549 2790 tratrem,
569 2719 591 2766 a
610 2701 657 2766 Μ.
677 2700 794 2785 Livio,
816 2679 856 2766 CI
876 2693 1013 2764 Claudio
1032 2696 1171 2762 Nerone

74 2811 174 2890 Coss
194 2806 359 2876 devictum
380 2809 415 2870 et
434 2819 534 2881 resa
553 2799 590 2866 P.
611 2797 766 2886 Scipione
786 2799 821 2862 in
834 2795 995 2882 Hispania
1007 2791 1171 2860 adversus

73 2909 302 2992 Asdrubalem
322 2903 482 2990 Gisgonis
508 2905 638 2988 gestas.
689 2898 764 2963 liae
785 2915 841 2962 res
862 2898 1074 2982 perpetratae
1094 2897 1172 2960 sunt

74 3014 139 3078 sub
161 3028 223 3087 ver
243 3009 307 3072 2⁰6
326 3023 358 3070 a.
381 2999 458 3070 Chr.
481 3020 577 3088 quum
598 2995 636 3080 Q.
658 2994 822 3066 Caecilius
842 2994 1018 3084 Metellus,
1038 2994 1078 3060 h.
1100 2989 1172 3058 Ve-

74 3113 184 3179 turius
203 3109 298 3174 Philo
319 3103 432 3172 idibus
452 3103 582 3170 lllartiis
605 3099 807 3166 consulatum
827 3096 977 3180 inissent,
998 3097 1034 3158 nt
1055 3092 1173 3158 satise
1221 3147 1225 3156 ,

75 3213 117 3277 Τ.
140 3209 237 3296 hivio
258 3209 394 3294 ipsoque
413 3203 549 3290 Polybio
570 3204 711 3266 constat.
751 3198 822 3264 Iam
835 3213 917 3263 vero
931 3193 1173 3280 Philopoemen,

76 3317 255 3396 antequam
276 3295 510 3374 Machanidam
531 3308 583 3368 est
611 3297 763 3384 edorhvs,
791 3304 858 3362 tum
879 3289 1091 3360 emendandis
1111 3309 1173 3378 po·

75 3411 146 3501 puli
166 3409 310 3476 moribus
332 3401 576 3488 ordinandoque
596 3397 786 3486 republica,
807 3412 904 3481 quam
922 3385 1089 3477 Philippus
1111 3405 1173 3452 rex

76 3509 226 3580 nonnihil
246 3506 517 3596 perturbaverat,
545 3506 673 3585 tempus
699 3492 872 3584 impendit,
900 3497 967 3558 tum
993 3505 1074 3554 vero
1101 3483 1175 3551 οὐδ’

79 3607 188 3688 ὅλους
210 3600 304 3676 ὀκτώ
325 3607 455 3698 μῆνας,
477 3608 512 3668 nt
532 3602 578 3666 ait
598 3586 984 3685 PolybiuS„apparandc
1005 3585 1102 3652 bello.
1133 3581 1174 3652 Si

78 3716 143 3782 hos
166 3716 240 3778 octo
260 3723 393 3774 menses
414 3721 435 3768 a
455 3701 566 3788 primis
587 3696 742 3785 auspiciis
762 3695 937 3780 praeturae
951 3702 1103 3758 numeres
1118 3701 1175 3752 res

78 3819 184 3906 gesta
202 3827 318 3877 mense
337 3802 511 3872 Decembri
531 3797 614 3892 [2⁰7
635 3815 665 3863 a.
680 3787 791 3882 Che),
811 3791 864 3856 sin
877 3789 1076 3874 aliquantum
1089 3791 1175 3852 tenr-

79 3915 173 4004 poris
195 3905 396 3979 ordinandae
417 3901 615 3990 reipublicae
636 3883 863 3984 praecipimus,
884 3894 919 3955 ut
939 3887 974 3956 hi
994 3890 1068 3952 octo
1080 3900 1175 3950 men-

79 4034 140 4082 ses
162 4013 234 4078 solo
255 4011 289 4076 in
309 4009 471 4096 apparatu
490 4005 608 4090 postea
634 3999 700 4063 sint
729 3990 905 4078 consumti,
933 3983 1112 4054 incidemus
1140 3984 1176 4046 in

81 4117 189 4204 ipsum
209 4129 272 4178 ver
292 4107 389 4198 poulo
410 4108 488 4170 ante
509 4117 647 4168 vernum
673 4093 881 4161 Achaeorum
903 4087 1072 4156 concilium
1091 4077 1176 4173 (2⁰6

68 4211 115 4282 'a
140 4204 253 4303 Chr).
272 4205 357 4295 'euro
378 4209 485 4272 autem
506 4197 614 4294 poffw
636 4192 825 4280 credamus,
845 4205 941 4277 quam
953 4182 1059 4256 media
1072 4182 1177 4250 bieme
