2844 4952
663 323 1068 405 „208³”

263 525 410 614 diripitur
443 529 630 610 magnaque
660 536 770 587 rerum
803 504 1022 606 pretiosarum
1050 530 1130 606 pars
1159 523 1199 586 at
1221 523 1350 588 maluae
1387 518 1400 537 ‘

263 629 459 694 cremantur.
500 620 588 688 Urbs
609 621 700 686 enim
714 619 771 684 illa
791 624 827 686 ct
845 623 992 686 mereatu
1017 616 1174 706 alludis,
1195 621 1251 706 qui
1270 641 1350 706 quo-

262 726 374 792 tannis
393 723 437 790 ihi
457 721 662 810 agebantur,
693 718 908 786 celeberrima
927 717 1192 804 nobilissimaque
1212 718 1352 787 Aetolo-

116 804 121 818 ’
262 843 334 890 rum
356 827 519 890 conventu
540 820 639 886 rebus
660 815 847 884 abundabat
867 817 1121 908 pretiosissimis.
1164 813 1354 906 Quarnqui-

261 919 337 989 dem
364 921 502 1008 Philippi
526 919 755 986 immanitatem
784 915 940 1005 Polybius
967 925 1012 996 (o.
1036 917 1195 1002 Νι),
1224 921 1352 984 acerri-

262 1039 334 1086 mus
353 1018 439 1086 idem
459 1019 649 1084 Aetolorum
666 1019 829 1103 inimicus,
849 1017 963 1083 merito
983 1017 1158 1103 vituperat
1172 1015 1176 1026 “
1188 1012 1264 1109 (Gi.
1285 1017 1352 1084 Fo-

262 1119 344 1187 lard.
364 1119 547 1204 interpret..
561 1116 677 1204 Polyb.
698 1117 737 1181 Τ.
748 1115 790 1182 V.
811 1137 843 1203 p.
864 1117 936 1180 toa
951 1133 1023 1202 sqq.
1044 1121 1079 1182 ct
1092 1115 1147 1180 lib.
1168 1133 1265 1183 mous
1284 1115 1352 1185 ller

262 1203 1083 1304 Aetolisah-AchtlischaBundcsgeaosaeu-Krieg
1097 1209 1215 1307 319.)
1234 1215 1350 1303 Neque

249 1320 394 1408 ‘omnino
414 1316 526 1382 mhurm
547 1321 616 1402 cst,
636 1317 776 1384 Aetolos
795 1321 927 1384 taniam
942 1331 1051 1382 rerum
1064 1317 1284 1404 pretiosarum
1298 1335 1352 1382 ar-

261 1417 534 1500 tifieioscmmque
559 1413 686 1500 copiam
716 1413 871 1480 hahmsso
899 1421 1115 1503 congestam,
1144 1431 1242 1500 numu
1267 1417 1352 1483 inter

262 1533 377 1594 omncs
391 1517 535 1601 constat,
557 1509 919 1597 easdemundcquaque
939 1511 1062 1598 rapinis
1077 1515 1238 1582 collectas
1259 1533 1352 1607 cssc3

263 1616 428 1684 Graecam
447 1630 530 1680 varo
550 1610 729 1678 eorundem
749 1610 835 1698 quod
863 1614 983 1679 attinet
1003 1611 1232 1700 eruditionem,
1259 1629 1351 1699 quam

262 1716 374 1782 Lucas
392 1710 436 1807 (h
455 1731 487 1779 c.
507 1731 540 1800 p.
561 1709 660 1800 112.)
684 1711 813 1801 laudat,
839 1714 927 1780 inter
951 1710 1098 1800 Scythas
1119 1729 1248 1800 quoque
1267 1733 1351 1782 nnu-

262 1813 370 1880 uullos
389 1813 509 1899 fuisse,
530 1813 582 1898 qui
602 1810 646 1878 ad
666 1814 767 1888 vitam
786 1813 964 1880 molliorem
981 1811 1268 1900 humanioremqua
1283 1815 1350 1881 cul-

250 1919 330 1981 ntum
350 1911 611 2000 adamaverint,
632 1930 729 1980 nemo
747 1913 806 1978 itit
825 1911 958 1979 infitias

345 2009 430 2079 lude
454 2028 656 2099 progressus
685 2011 721 2076 in
746 2010 866 2077 itinera
893 2007 998 2077 fundit
1019 2010 1179 2100 tegatque
1199 2013 1349 2080 Alexan-

107 2087 109 2095 ’
140 2081 143 2084 ¹
262 2109 355 2178 mum
375 2101 644 2178 Trichouicnsa'rn
665 2125 738 2174 cum
758 2111 922 2197 copiarum
941 2115 1047 2198 parte,
1067 2112 1258 2202 Psu'rplriam
1276 2128 1350 2179 crc-

262 2218 350 2300 mat,
376 2211 543 2299 Metapam
566 2208 683 2296 diruit,
714 2227 837 2300 agros,
864 2213 920 2296 qui
944 2211 1055 2278 Acras
1076 2213 1190 2278 urbem
1211 2214 1352 2300 circum-

260 2311 387 2399 iacent,
407 2313 578 2399 populmur
599 2310 782 2396 astrisque
801 2309 846 2376 ad
860 2309 1019 2399 Conopon
1036 2313 1156 2400 positis
1173 2314 1351 2400 proximum

261 2411 387 2496 quievit
406 2409 501 2476 diem
550 2407 742 2497 Insequenti
754 2409 821 2504 ¹die
844 2413 1026 2480 Acheloum
1045 2414 1176 2480 traiecit
1196 2422 1232 2480 ct
1252 2409 1351 2481 Sira-

262 2515 331 2576 tum
349 2528 454 2606 usquc
473 2511 646 2598 mucescit,
665 2510 723 2576 ulti
741 2511 879 2577 Aetolos
899 2511 1016 2577 iterum
1036 2513 1148 2580 vincit.
1169 2509 1284 2594 Quare
1292 2533 1351 2580 rex

161 2645 176 2668 .
262 2607 325 2675 diis
346 2609 540 2678 saaridcium
561 2613 657 2677 ciart
674 2611 806 2700 gratias
833 2629 893 2698 pro
919 2611 1006 2678 felici
1033 2611 1254 2701 expeditionis
1273 2631 1351 2680 suo

263 2727 364 2778 cassu
383 2728 494 2800 agens
511 2711 709 2798 militemque
728 2711 916 2799 praefectos
928 2713 1082 2782 convivio
1102 2715 1224 2802 excipit
1243 2718 1289 2796 (c.
1304 2717 1351 2780 l&

245 2810 314 2876 'la
334 2810 523 2878 rluanroa
545 2825 574 2878 c·
593 2813 675 2890 R).
693 2809 870 2899 Leontius,
886 2811 1083 2902 Megalen&
1101 2809 1236 2902 Orinon,
1256 2829 1352 2901 quum

262 2911 546 2979 coniectarentur
558 2909 604 2978 dc
621 2913 721 2978 rcum
742 2913 917 3000 praeclsre
933 2915 1053 3002 gestis,
1073 2914 1108 2980 in
1128 2915 1222 3004 ragis
1241 2917 1352 3004 suspi-

264 3011 391 3076 cionem
419 3011 606 3098 incurrunt,
642 3016 680 3079 ot
702 3011 842 3079 Aratrun
863 3031 883 3079 c
904 3029 1010 3080 coena
1039 3009 1230 3082 redeuntem
1256 3033 1351 3101 quum

263 3125 331 3175 non
357 3109 514 3176 conviciis
550 3110 676 3198 samm,
704 3109 766 3177 sed
794 3113 989 3182 samonaos
1020 3115 1118 3180 etiam
1144 3113 1351 3203 invaderent,

264 3206 582 3296 comprehenduntur
609 3215 644 3277 et
662 3209 818 3278 Leucade
843 3214 879 3279 in
912 3214 1048 3281 concilio
1084 3211 1351 3283 condemnantur.

261 3307 453 3398 Megaleam
466 3309 739 3378 tamauLccntius
747 3313 896 3400 pecuniis
906 3313 1052 3401 salutisa
1066 3313 1206 3381 vinculis
1220 3317 1351 3403 exemit,

56 3434 59 3442 ⁴
178 3449 181 3456 ·
264 3405 390 3493 Crinon
410 3426 491 3477 varo
511 3409 546 3476 in
567 3409 1185 3493 carcercdetentuscst(o.1hlo.h

345 3509 480 3576 Interea
492 3508 669 3600 Lycurgus
682 3511 832 3601 Tegeum
844 3518 1076 3600 occupaverat,
1095 3513 1171 3580 Elei
1182 3511 1352 3602 Dymmc

119 3600 121 3604 ’
264 3625 336 3674 rum
356 3625 460 3697 agros
478 3609 623 3698 populati
643 3618 741 3678 erant
758 3611 967 3678 Achaeorum
990 3613 1155 3699 reqmtihus
1183 3614 1219 3679 iu
1238 3615 1352 3704 fugam

265 3709 454 3796 conversis,
475 3709 592 3794 quoin
611 3710 736 3798 proelio
756 3708 952 3797 Polymedes
967 3713 1159 3802 Aegiensis‚
1180 3715 1352 3804 Agesipo-

263 3803 307 3870 lis
327 3804 571 3897 etlliagaclcs,
591 3808 747 3898 Dymaei,
769 3811 962 3879 occuluere.
996 3810 1212 3882 Dorimachus
1233 3809 1309 3882 sero
1331 3834 1352 3884 c

266 3901 443 3974 Thessalia
461 3909 651 3996 revertitur,
673 3929 768 3996 quum
789 3929 850 3976 rex
862 3911 995 3980 Aetolia
1007 3913 1072 3978 iam
1086 3913 1214 4002 relicta,
1236 3907 1351 3982 Oean-

264 4003 428 4074 thensium
447 4009 541 4097 agris
561 4011 712 4102 vastatis,
730 4011 795 4077 iam
809 4007 998 4080 Corinthum
1018 4014 1198 4110 appulisset
1219 4016 1263 4099 (c.
1274 4017 1352 4102 lh).

263 4093 352 4187 Hinc
371 4121 433 4191 per
452 4106 568 4195 Argos
587 4109 752 4194 proiectus
773 4111 888 4179 alteris
917 4113 1037 4181 castris
1058 4113 1207 4202 Tegeam
1226 4133 1351 4202 perve-

265 4204 313 4270 uit
339 4222 417 4293 rex,
445 4201 532 4273 unde
560 4210 713 4277 assumtis
742 4210 950 4280 Achaeorum
979 4213 1080 4301 copiis
1108 4206 1143 4278 in
1170 4213 1352 4282 Lucaniam
