2902 4956
679 441 730 472 ..ψ
803 356 852 482 ,0
925 413 974 455 .-.
1083 441 1108 458 .,

277 591 450 668 Minervae
477 589 629 689 templum
657 606 738 668 erat.
787 599 882 686 Haec
908 604 960 666 est
985 595 1214 686 Sicyoniorum
1238 604 1373 688 propria

277 701 403 788 fabula,
433 719 528 788 quam
548 701 731 766 Pausanias
743 699 827 789 '(ll,
847 702 879 787 6,
899 698 954 790 5.)
975 700 1076 765 refert
1102 706 1136 766 et
1163 701 1235 787 ipse
1249 695 1307 763 1τοι
1335 702 1373 778 ις

277 803 487 878 Σικυωνίους
516 800 642 889 (vlu,
662 803 704 864 52
711 795 819 965 ,2)
850 792 912 887 τήν
941 799 1136 864 Σικυωνίαν
1169 793 1371 888 συγγραφὴν

164 900 168 908 ’
278 901 369 988 (ΠΙ,
382 905 449 990 16,
463 904 500 965 ’.6
522 899 594 989 ΙΧ,
613 902 635 964 t
642 895 780 990 ,2.)θι
746 890 1263 982 θιοιιςΣικιιωνίονςιόγονς
1285 898 1373 988 (lv,

275 1005 319 1068 29
320 999 568 1092 ,.l)appellat.
584 945 745 1066 Graecia
764 1019 846 1067 vero
866 999 1047 1064 tabularum
1067 999 1161 1064 ferax
1181 999 1245 1064 hac
1265 1017 1376 1098 pecu-

138 1158 142 1166 .
240 1179 245 1190 Ι
275 1051 363 1170 Ιίιιί
374 1104 565 1169 narratione
577 1117 796 1187 nequaquam
823 1095 979 1166 contenta
1006 1093 1103 1164 aliam
1130 1119 1256 1186 quoque
1278 1119 1372 1167 eom-

274 1209 387 1270 menta
416 1209 486 1288 est,
517 1219 619 1288 quae,
651 1217 748 1287 quum
775 1201 924 1266 latiorem
951 1199 1074 1266 habeat
1102 1201 1270 1287 ambitum,
1301 1221 1372 1267 non

272 1309 385 1370 terrae
411 1296 539 1367 cuidam
568 1299 629 1368 sed
656 1301 772 1368 incolis
793 1301 1028 1387 antiquissimis
1053 1299 1182 1367 ridetur
1207 1321 1285 1368 esse
1300 1301 1371 1366 ad-

271 1400 468 1488 scribenda,
500 1418 602 1486 quare
631 1391 770 1468 alteram
798 1400 887 1468 illam
916 1420 984 1467 non
1005 1401 1198 1488 Argolicam
1219 1399 1280 1466 sed
1301 1401 1371 1466 Pe-

271 1504 434 1590 lasgicon
449 1503 561 1588 'potius
581 1502 825 1568 nominaverim.
862 1497 955 1581 Quae
976 1499 1104 1586 quidem
1124 1500 1240 1566 Inachi
1258 1519 1371 1588 genus

273 1598 526 1689 contingendum
557 1601 741 1688 suscipiens
774 1601 849 1668 huic
879 1601 970 1689 regi,
1005 1602 1078 1668 sine
1108 1598 1203 1669 dubio
1234 1598 1370 1669 deorum
1428 1675 1432 1686 ,

203 1785 205 1798 Ι
269 1702 389 1788 generi
408 1702 505 1768 tertio
525 1701 636 1788 priori,
658 1695 783 1792 Oceani
804 1698 958 1768 videlicet
971 1707 1005 1767 et
1019 1701 1167 1788 Tethyos
1187 1700 1264 1790 tilio,
1282 1699 1370 1766 duos

256 1801 414 1875 nattnhuit
434 1800 531 1888 filios,
551 1800 757 1873 Phoroneum
777 1801 932 1875 maiorem
952 1819 1089 1886 eamque
1110 1801 1152 1867 oh
1173 1819 1243 1866 rem
1262 1802 1368 1889 patris

156 1961 159 1968 .
268 1901 304 1965 in
333 1919 441 1989 regno
471 1901 575 1988 longe
604 1897 736 1986 lateque
765 1907 901 1988 patente
931 1919 1176 1987 successorem,
1207 1901 1369 1984 huiusque
1448 1979 1449 1982 Ἴ

267 2001 403 2065 fratrem
432 2006 513 2066 natu
543 2001 701 2066 minorem
730 2001 931 2090 Aegialeum
961 1997 1151 2094 (Apollod.
1165 2003 1217 2088 ΙΙ,
1241 2004 1277 2088 1,
1299 2001 1366 2088 h).

269 2098 568 2168 Commodissimum
594 2101 696 2190 igitpr
725 2101 918 2189 videbatur,
947 2109 1000 2189 ut,
1032 2121 1128 2188 quum
1155 2099 1276 2188 duplex
1303 2119 1367 2166 ex·
1445 2096 1446 2106 ’

266 2201 402 2266 sisteret
435 2201 619 2288 Aegialeus
654 2199 795 2288 indeque
830 2201 961 2268 fabulae
995 2199 1169 2268 difficultas
1204 2197 1366 2286 quaedam

267 2301 428 2386 oriretur,
466 2301 521 2364 ille
553 2297 733 2386 Sicyoniae
762 2302 876 2388 stirpis
908 2304 1024 2366 auctor
1055 2301 1298 2385 antiquissimus
1331 2305 1366 2364 et

265 2391 455 2482 αὐτόχθων
476 2397 650 2465 Phoroneo
671 2399 776 2465 frater
796 2397 983 2465 adderetur.
1024 2399 1112 2465 Hinc
1133 2406 1242 2465 autem
1261 2400 1366 2465 maior

264 2497 410 2562 nascitur
444 2494 637 2586 difficultas,
679 2515 757 2563 nam
789 2497 982 2564 Phoroneus
1009 2503 1188 2616 paternum
1222 2517 1367 2587 regnum

264 2595 403 2688 adeptus
425 2604 493 2684 est,
522 2615 585 2662 nec
606 2595 786 2687 uidetur‘
763 2589 906 2684 αιιάσης
932 2599 992 2682 τῆς
1020 2592 1163 2684 ὕστερον
1179 2585 1364 2688 lichanon-

265 2691 371 2786 vpooo
399 2699 736 2861 πρνςαγορευθεισές
720 2697 976 2773 ςδννασιειιιν
1002 2697 1097 2767 fratri
1122 2699 1178 2764 vel
1199 2700 1363 2764 minimam

263 2798 347 2863 tanti
367 2815 465 2883 regni
485 2802 692 2885 partem-sep
715 2797 811 2863 ratim
838 2794 1071 2862 moderandam
1090 2797 1363 2886 gubernandam-

263 2915 326 2982 que
348 2897 565 2972 concessisse.
594 2893 690 2962 Unde
703 2895 839 2983 Aegiali
858 2915 978 2962 nomen
999 2915 1095 2982 quum
1115 2899 1245 2964 silentio
1267 2901 1365 2984 quasi

264 2994 403 3081 quodam
437 3012 649 3083 suppressum
682 2993 855 3084 videatur,
889 2995 1055 3064 Phoronei
1091 2996 1207 3064 contra
1240 2994 1364 3072 nomen

262 3095 506 3162 celeberrimum
532 3110 604 3168 cum
628 3096 662 3159 in
687 3094 823 3181 sabulis,
852 3101 919 3161 tum
939 3097 974 3162 in
994 3097 1193 3164 historiis
1159 3105 1193 3163 e
1215 3098 1362 3166 chrono-

259 3194 493 3284 graphiis,
423 3199 492 3260 est·
514 3211 592 3260 nam
612 3195 654 3260 ab
675 3213 715 3261 eo
736 3196 850 3261 ultima
870 3203 1050 3284 temporum
1071 3200 1264 3285 computatio
1274 3219 1362 3286 pro-

261 3294 420 3384 cedebat,
452 3314 548 3382 quum
576 3297 610 3360 in
640 3293 755 3361 eadem
784 3297 865 3362 fere
882 3303 1031 3397 tempora
1059 3296 1218 3365 incideret
1244 3299 1362 3366 Attica

69 3408 72 3417 ·
170 3439 174 3452 ·
259 3397 396 3484 epocha,
418 3413 513 3481 quam
534 3393 587 3460 ad
600 3391 760 3512 Ogygem
773 3381 989 3463 revocabant.
1028 3397 1205 3464 Acusilaus
1225 3417 1248 3464 a
1267 3399 1362 3466 Pho·

258 3514 360 3563 roneo
381 3495 425 3560 ad
446 3493 670 3584 Olympiadem
689 3497 825 3583 priinam
853 3515 958 3564 annos
978 3496 1088 3566 MXX
1110 3506 1362 3586 computaverat

259 3600 315 3684 (ιι.
330 3598 390 3664 lul.
404 3596 549 3662 African.
564 3613 616 3683 ap
631 3596 755 3662 Eluseb.
769 3595 887 3684 Praep
902 3597 967 3664 mv.
982 3596 1028 3682 X,
1044 3601 1093 3661 16.
1085 3620 1139 3685 p.
1131 3601 1221 3663 ..488
1237 3599 1360 3692 extr..)

257 3695 375 3764 Eidem
395 3697 517 3783 primus
539 3695 749 3761 humanitatis
769 3697 877 3762 cultus
907 3689 1063 3784 tanquam
1083 3700 1209 3764 auctori
1229 3701 1359 3769 tribue-

203 3841 207 3852 .
257 3796 355 3887 hatur
376 3796 419 3875 ab
440 3797 601 3886 Argivis,
622 3813 698 3860 nam
717 3796 839 3883 primus
861 3794 1035 3884 dispersos
1051 3805 1129 3864 ante
1150 3798 1298 3866 homines
1321 3807 1357 3867 et

257 3913 407 3963 seorsum
433 3895 656 3962 habitantes
646 3917 681 3961 m
706 3897 801 3982 unius
823 3897 935 3963 civitat
901 3898 964 3962 ais
984 3899 1226 3986 iuscompulit,
1255 3906 1290 3966 et
1311 3901 1356 3967 ab

197 4055 213 4080 ,
255 4015 296 4062 eo
318 3987 468 4083 oppidum
487 3993 585 4082 illud,
615 4014 678 4082 quo
706 3998 905 4086 congregati
934 4002 1029 4085 sunt,
1055 3996 1273 4064 Phoronicum
1300 4005 1356 4066 est

209 4091 229 4160 ι
243 4107 474 4184 >nuncupatum
504 4095 627 4183 (Paus.
651 4097 784 4186 11,1o,
805 4099 836 4161 ὅ.
854 4097 995 4165 -Tatian
1022 4095 1098 4164 adv.
1115 4097 1223 4168 ,Genu
1239 4101 1304 4170 66.
1318 4103 1354 4164 et

178 4247 181 4254 ,
254 4197 332 4264 hinc
363 4196 522 4282 Euseb.).
576 4196 773 4284 Nobilitavit
805 4194 932 4284 quoque
965 4217 1083 4264 nomen
1115 4215 1249 4266 carmen
1279 4201 1353 4286 epi-

254 4314 329 4366 cum
349 4297 620 4395 antiquissimum,
652 4295 831 4386 Φοριννις,
859 4293 973 4386 ignoto
994 4303 1130 4368 auctore
1151 4299 1216 4386 (cf.
1237 4295 1352 4370 Schol.
