2864 4960
334 368 506 459 .a'“
575 341 629 454 93
703 385 751 400 --

63 567 120 636 qne
139 545 345 636 singuierum
365 545 531 611 civitatum
550 549 668 610 essent
689 537 815 634 (Thus.
829 545 864 612 11
870 590 882 634 ,
901 543 932 613 h.
957 545 1057 618 Paus.
1070 539 1148 644 ili,

62 651 112 736 ht,
123 649 155 713 8.
178 643 319 713 Schorn.
333 647 354 712 i.
370 663 398 710 c.
412 665 444 732 p.
457 638 541 733 ht).
574 639 787 732 Singudarum
808 646 933 716 urbium
952 647 1025 718 iura
1044 649 1153 738 quae-¹

63 748 130 814 dam
148 747 255 813 inisse
274 746 453 835 peculiaria
473 750 638 811 testantur
658 745 867 812 narrationes
887 744 930 814 de
946 750 1018 818 iure
1030 753 1150 821 civita-

63 851 100 914 tis
126 845 319 935 Calydoniis
345 844 423 912 dato
446 841 560 937 (Xon.
582 841 864 936 He11.1v,o,1.
886 850 926 916 cf.
947 851 1105 945 Helving.
1127 857 1151 922 Ι.

63 965 87 1011 e.
99 967 129 1034 p.
144 941 256 1038 m),
277 944 320 1012 de
342 937 509 1032 προξενίᾳ
530 963 558 1009 s.
579 945 779 1012 immunitate
793 951 827 1014 et
842 947 985 1035 ἀσυλίᾳ,
1006 973 1034 1019 s.
1048 973 1151 1042 prae-

62 1045 135 1111 sidie
157 1043 321 1113 adversus
335 1047 471 1134 piratas,
491 1029 652 1131 praestito
665 1065 732 1112 non
746 1063 768 1110 a
782 1049 890 1134 κοινῷ
903 1051 975 1116 ταῖν
991 1051 1151 1140 Ἀχαιῶν,

61 1145 114 1211 sed
134 1163 157 1210 a
178 1147 321 1234 singulis
342 1146 537 1212 civitatibus.
567 1142 641 1233 (ct
663 1143 770 1212 iiten
792 1147 814 1212 l.
836 1165 864 1214 e.
896 1172 927 1237 p.
948 1155 1027 1241 7⁰9,
1059 1156 1153 1241 cuius

62 1248 240 1334 opinionem
265 1267 325 1334 pro
354 1251 471 1312 nostra
497 1243 626 1310 ratione
657 1244 944 1341 emendavimus).
983 1253 1153 1347 Attamen,

62 1354 211 1432 quantum
231 1364 276 1414 ex
295 1345 447 1432 Inscript.
470 1361 522 1431 ap.
540 1343 687 1410 Boeckh.
698 1344 783 1413 ·Vol.
798 1345 825 1414 Ι.
845 1347 889 1416 Ν.
905 1353 997 1417 1542.
1020 1355 1152 1444 colligo,

62 1447 152 1511 etiam
178 1443 221 1512 τὸ
251 1441 370 1512 κοινὸν
399 1447 471 1510 τῶν
497 1441 649 1525 Ἀχαιῶν
678 1439 870 1534 προξενίαν
898 1449 989 1520 dedit
1017 1455 1152 1524 aliarum

62 1546 223 1613 civitatum
244 1545 386 1634 singulis
406 1544 609 1631 nominibus,
630 1545 717 1612 inter
737 1542 788 1612 01.
811 1551 873 1614 HA
892 1555 927 1618 et
949 1555 1019 1618 152.

355 1983 528 2068 Iriher
555 1984 845 2070 secundus.

63 2152 127 2225 Res
151 2144 395 2241 Achaeorum
421 2149 470 2222 ab
496 2149 605 2222 Arati
630 2163 747 2224 aetate
773 2148 822 2224 ad
844 2147 1161 2258 Philopoemenis¹

516 2287 689 2348 mortem.

441 2456 565 2534 (impert
581 2463 770 2534 quintum.

321 2604 413 2666 Arati
434 2602 545 2666 decem
565 2605 692 2686 priores
712 2586 908 2686 pra'eturaa'

137 2751 337 2837 Priusquam
350 2753 384 2817 in
397 2751 607 2818 Achaeomm
619 2753 757 2819 historia
778 2749 1015 2826 concinnanda,
1025 2749 1156 2818 deseri·
1292 2813 1297 2822 .

67 2849 234 2938 bendaque
254 2850 522 2940 progrediamur,
543 2853 708 2939 paulutum
729 2851 911 2940 exspatiari
930 2851 1031 2918 liceat
1050 2851 1157 2939 nobiS,

66 2969 125 3017 non
145 2950 278 3038 quidem
298 2943 480 3019 ad'netan
500 2951 637 3019 tendere
647 2952 770 3039 oblitis,
791 2949 853 3018 sed
867 2950 1044 3041 evagando
1059 2953 1157 3019 etiam

66 3050 95 3115 in
113 3051 221 3118 deviis
242 3054 434 3139 veritatem,
466 3069 550 3138 quae
569 3053 690 3139 lateat,
710 3049 892 3141 indagandi
914 3049 1158 3140 quaerendique
1271 3057 1279 3066 ”

67 3151 218 3220 studiosis
240 3143 338 3238 atque
358 3153 493 3240 paratis.
535 3147 639 3232 Quum
660 3153 746 3218 enhn
766 3173 831 3220 non
852 3153 937 3219 forte
950 3153 1083 3222 fortuna
1096 3151 1158 3220 sed

67 3253 177 3319 merite
198 3253 247 3318 ita
266 3253 387 3319 iactum
405 3249 575 3340 videatur,
603 3259 640 3320 ut
660 3253 750 3320 multi
770 3253 856 3340 iique
877 3245 1081 3319 celeberrimi
1101 3273 1159 3319 re-

68 3352 220 3418 centioris
241 3353 359 3417 aetatis
380 3351 587 3417 historiarum
608 3352 805 3438 scriptores,
826 3352 986 3418 Beckimn
1000 3349 1160 3438 equidem,

69 3449 275 3539 Mansonem,
295 3451 519 3518 Drumannum
541 3457 574 3518 et
594 3452 738 3538 Lucam,
769 3453 822 3538 qui
841 3457 1027 3540 postremus
1047 3442 1159 3515 dedite

70 3566 166 3636 opera
197 3552 285 3618 hanc
312 3552 468 3618 historiae
494 3550 647 3619 Graecae
676 3557 803 3640 partem
833 3553 916 3620 libro
938 3567 1039 3639 supra
1060 3550 1160 3616 citato

70 3653 242 3738 tractavit,
268 3651 438 3740 intelligo,
463 3653 512 3717 in'
526 3657 674 3718 veterum
702 3652 897 3739 scriptorum
916 3649 1161 3716 narrationibus

70 3744 108 3813 d'e
127 3751 290 3840 singulis,
311 3769 395 3837 quac
416 3750 459 3817 ad
480 3753 691 3818 Achaeorum
710 3751 878 3817 historiam
897 3749 1083 3838 pertinent,
1102 3765 1162 3812 re-
1187 3768 1191 3782 ¹

71 3848 128 3916 bus
148 3850 259 3940 gestis
279 3856 378 3937 atque
399 3849 596 3938 hominibus,
629 3851 775 3938 inprimis
795 3868 878 3916 vero
899 3847 942 3916 de
962 3849 1088 3933 Arato,
1110 3846 1161 3914 of·
1229 3887 1233 3892 -

70 3947 245 4039 ienderint,
276 3953 340 4017 iam
369 3951 440 4038 hie,
467 3951 595 4016 euamsi
623 3969 691 4016 non
711 3949 830 4036 optimo
851 3965 959 4034 neque
980 3966 1037 4034 eo,
1067 3964 1163 4032 quem

70 4051 205 4118 manime
228 4057 441 4139 opportumrm
461 4048 572 4135 dicas,
599 4049 672 4116 loco
692 4049 726 4113 id
745 4047 820 4135 fiat,
848 4046 1034 4113 accuratius
1054 4043 1162 4130 inqui-

71 4165 193 4240 ramus,
224 4150 300 4239 quid
327 4153 362 4218 in
382 4167 510 4240 genere
531 4146 654 4213 Graeci
673 4152 845 4234 auctores,
877 4145 931 4230 qui
951 4143 995 4211 de
1014 4141 1162 4208 Achaeis
1234 4216 1236 4222 s

71 4264 243 4337 conumque
272 4251 433 4319 sacietate
460 4247 679 4335 seripserunt,
717 4251 752 4314 et
781 4245 1002 4316 Romanorum
1035 4240 1161 4330 Livius,
