2902 4956
510 367 806 442 ..13-

114 551 1199 644 essequeverampraesmtmthennnlmloeis

112 659 314 745 Aegialemn
344 673 459 744 regem
492 652 647 743 Sicyonis
680 654 857 744 urbfflque
887 657 991 742 ipsam
1023 650 1202 743 Sicyonem

112 757 422 845 auteaAegialeam
440 753 682 822 decantatae
701 747 1201 848 umet(ct11‚e,a)0t-
1248 819 1252 832 ,

111 857 194 922 tinet
224 857 311 922 enim
337 857 367 920 is
392 856 479 922 inter
507 855 659 940 antiquos
684 856 864 942 scriptores
891 873 978 940 mos,
1007 857 1044 920 ut
1069 854 1202 920 nonina

110 956 275 1040 locorum,
304 953 464 1022 interdum
488 955 633 1041 epitheta
650 955 686 1021 in
705 955 847 1040 antiquis
874 953 1069 1020 carminibus
1093 952 1203 1038 obvia,

111 1075 169 1140 pro
191 1053 428 1139 antiquionbus
447 1059 608 1120 terrarum
628 1053 896 1142 appellationibus
915 1053 1069 1120 habeant.
1101 1050 1201 1118 Aliud

112 1153 198 1238 quod
219 1174 289 1218 non
307 1154 412 1220 minus
431 1159 556 1220 temere
575 1153 687 1222 iacere
705 1152 859 1222 videntur
878 1160 947 1240 est,
968 1151 1055 1239 quod
1070 1152 1203 1220 nomina

110 1253 336 1319 vetustissima
355 1253 481 1319 referre
501 1253 611 1320 solent
630 1252 674 1320 ad
694 1255 872 1321 latissimos
891 1253 1063 1342 regionum
1076 1269 1119 1318 ae
1129 1257 1203 1320 ta-

111 1369 223 1416 rarum
238 1351 334 1440 tines,
353 1349 387 1418 id
407 1351 492 1439 quod
512 1355 599 1419 omui
618 1371 727 1420 rerum
745 1355 864 1420 rationi
883 1350 1089 1420 adversatur.
1115 1350 1205 1418 Nam

110 1449 316 1518 inhabitatae
340 1451 434 1518 tuere
459 1457 571 1520 terrae
587 1455 733 1542 ¹primum
752 1453 796 1522 ah
815 1469 882 1520 una
901 1457 937 1520 et
956 1453 1064 1520 altera
1082 1449 1204 1516 familia

109 1547 260 1635 adeoque
285 1550 389 1637 prima
414 1553 546 1618 nomina
574 1553 737 1640 impertita
764 1553 906 1642 m‘ngulis
935 1549 1204 1636 habitationibus,

95 1655 166 1714 laut
184 1651 293 1737 vicis,
321 1657 379 1718 aut
396 1657 554 1740 agrorum
572 1654 751 1741 traehhus,
780 1671 863 1742 nee,
888 1654 953 1724 n'si
973 1652 1099 1736 serius,
1127 1652 1204 1737 post

110 1749 229 1816 multas
256 1769 366 1816 rerum
391 1751 616 1840 hominumque
641 1752 902 1841 vicissitudines,
932 1751 976 1820 ad
1001 1751 1138 1819 latiores
1162 1763 1204 1814 ac

111 1849 306 1916 remotiores
326 1855 435 1918 terras
454 1859 532 1920 sunt
552 1859 661 1920 tracta
680 1863 737 1920 aut
756 1855 928 1921 mandata.
959 1853 1017 1921 Ex
1036 1851 1089 1918 his
1108 1847 1223 1916 heile·

109 1945 175 2012 ieri
194 1953 312 2035 potest
330 1947 515 2019 diiudicatio
536 1970 657 2041 eorum,
678 1969 763 2038 quae
781 1953 837 2020 hic
857 1958 892 2020 et
910 1956 961 2019 tut
980 1951 1053 2017 alis
1072 1951 1108 2016 in
1120 1947 1206 2014 loeis

112 2051 337 2114 memorantur
362 2046 405 2115 de
425 2051 592 2138 Aegialeo
617 2055 652 2115 et
677 2049 720 2116 de
745 2057 815 2116 tota
838 2051 1066 2137 Peloponneso
1085 2049 1151 2114 iam
1169 2047 1206 2112 in

109 2146 187 2232 ipsis
214 2147 383 2215 homiuum
408 2151 590 2238 originibus
620 2151 780 2218 communi
806 2151 937 2217 nomine
956 2148 1206 2235 comprehensa.

112 2241 181 2336 (et
202 2245 329 2332 Heyne
348 2245 393 2312 ad
411 2248 563 2336 Apollod.
583 2250 636 2335 ll,
656 2253 697 2336 1,
717 2251 747 2314 1.
767 2270 802 2336 p.-
819 2242 915 2338 241.)
954 2247 1101 2314 Tertimu
1121 2243 1207 2331 quod
1237 2329 1242 2338 ,
1271 2311 1275 2318 .

114 2362 223 2411 onnes
251 2347 450 2434 scriptores,
480 2350 534 2436 qui
562 2348 692 2415 fabulas
722 2348 778 2415 vel
805 2347 937 2436 mythos
966 2347 1207 2431 bactuverunt,

113 2443 221 2512 heere
242 2443 394 2512 videmus
414 2453 483 2535 est,
502 2446 589 2534 quod
608 2453 721 2516 terrae
741 2449 797 2516 uel
815 2450 993 2516 incolarrun
1012 2447 1143 2515 nomina
1161 2442 1207 2510 ab
1261 2486 1265 2494 ·

114 2561 176 2610 uno
195 2545 309 2630 aliquo
330 2545 477 2634 homine,
508 2566 603 2634 quem
630 2566 746 2636 regem
774 2547 831 2614 vel
856 2549 1035 2635 principem
1062 2544 1207 2613 civimtis

113 2651 256 2731 ponunt,
285 2642 451 2713 deducere
471 2647 598 2734 solent,
623 2664 788 2733 uunquam
807 2645 918 2713 tamen
936 2647 1013 2714 vioe
1031 2661 1149 2730 versa,
1170 2646 1208 2708 ut

115 2741 155 2808 ab
173 2743 359 2812 incolarum
378 2746 524 2831 nomine,
546 2747 631 2832 quod
650 2749 755 2836 ipsum
773 2746 981 2812 verisimilius
1001 2761 1085 2811 sane
1099 2742 1207 2827 luerit,

115 2842 929 2933 nomenatipsumregiinditumessccredant
970 2837 1207 2924 Quareadiis

115 2957 172 3025 per
190 2939 316 3009 heroes
336 2961 446 3032 genus
466 2964 559 3012 sunm
579 2965 710 3012 sursum
729 2942 882 3012 deorsum
901 2945 1095 3032 saepissime
1115 2959 1207 3008 com·

115 3041 258 3124 putando
283 3041 519 3130 referendoque
545 3042 726 3130 deducunt,
754 3061 818 3110 nec
845 3042 1018 3130 quidquam
1042 3041 1206 3126 antiquius

117 3138 237 3208 iecisse
257 3139 422 3232 videntur,
463 3161 538 3210 uam
556 3149 593 3210 ut
613 3161 634 3210 e
652 3150 745 3210 terra
763 3143 820 3210 vel
840 3144 875 3209 in
894 3149 986 3210 terra
1005 3142 1123 3208 saltem
1142 3137 1206 3206 do-
1330 3143 1342 3156 ‘

117 3241 255 3307 mestioa
280 3242 421 3309 maiores
446 3264 468 3330 p
506 3243 640 3332 genitos
664 3239 898 3309 demonstrent
945 3238 1006 3308 Sic
1026 3241 1111 3310 enirn
1130 3239 1207 3330 quia
1234 3297 1240 3303 .

117 3335 296 3408 lantoniam
315 3341 464 3429 Leleges
484 3342 654 3409 habitasse
673 3339 979 3428 deprehenduntur,
1007 3340 1114 3407 Lelex
1128 3357 1207 3426 rex,

118 3439 188 3520 quia
213 3440 334 3506 fluvius
360 3449 434 3506 erat
458 3441 623 3528 Eurotas,
648 3459 754 3528 nepos
777 3441 916 3529 lelegis
942 3441 1105 3526 Eurotas,
1130 3439 1207 3524 quia

117 3537 192 3604 mhs
207 3543 246 3606 et
259 3537 490 3618 Lacedaemon
502 3539 647 3608 Homero
659 3536 743 3634 (Od-
756 3537 817 3628 IV,
831 3535 884 3630 1.)
903 3544 938 3606 et
950 3545 1068 3626 postea
1080 3536 1206 3626 Sparta

119 3631 214 3724 dicta,
236 3637 372 3705 alterius
392 3639 531 3707 nominis
550 3641 664 3727 gratia
683 3639 860 3729 Taygetae
878 3639 972 3728 regis
991 3637 1076 3704 tilius
1095 3637 1207 3704 [Δοθ-

119 3729 265 3824 daemou,
285 3739 421 3808 alterius
439 3758 522 3808 vero
541 3736 801 3808 lacedaemonis
821 3735 967 3804 ciusdem
985 3756 1070 3804 uxor
1081 3733 1206 3825 Sparta

119 3829 162 3898 tbi
179 3836 309 3904 vixisse
329 3843 429 3924 atque
449 3855 616 3928 regnasse
634 3837 848 3926 perhibentur
865 3833 985 3930 (Faus.
1005 3837 1068 3924 lIl,
1088 3839 1119 3901 l.
1132 3851 1205 3921 sqq.

122 3928 269 4017 npouoa
287 3937 351 4025 ιιι,
371 3939 424 4024 1o,
442 3938 474 4000 s
494 3935 608 4011 senor.
628 3939 664 4004 n
683 3939 797 4026 uurrp.
817 3935 927 4005 orest
947 3957 981 4004 v.
993 3937 1066 4000 mn
1085 3933 1205 4000 mmo

122 4022 242 4114 Sim
261 4033 289 4098 l·
309 4057 341 4122 p
360 4036 393 4099 S
414 4028 518 4124 sqq.)
558 4034 651 4105 ldem
680 4055 799 4106 nomen
829 4037 961 4124 saepius
991 4033 1149 4119 occurrit,
1169 4033 1207 4098 ut

122 4124 610 4324 QOEJJQJQOE’
630 4138 679 4206 sic
698 4138 797 4205 etiam
814 4131 951 4224 lelegis
970 4131 1091 4226 [Paua
1104 4131 1203 4218 aaa
