2864 4960
650 303 923 380 -126-

242 494 338 580 leam,
359 491 395 560 ιι
415 487 606 562 ιιιιιιιιιιι
635 508 734 562 cursu
754 491 871 563 frehun
890 495 1068 572 timuere
1110 500 1257 570 Ablatus
1274 522 1335 570 ιι-

243 599 310 661 tem
330 594 400 660 acri
420 598 521 660 vento
542 593 576 658 in
596 590 745 660 Andrum
764 594 905 664 ιιιιιιιι
924 595 1071 666 decurrit
1083 599 1244 670 hostilem
1278 602 1337 671 Si·
1424 655 1425 660 ,

244 693 374 782 quidem
402 693 576 761 tenebatur
612 692 655 758 ab
689 693 861 782 Antigono
891 701 926 770 et
955 697 1154 784 praesidium
1182 703 1337 792 habebat,

244 794 330 884 quod
350 793 504 870 deuitans
523 792 602 881 navi
622 793 739 860 relicta
759 796 873 882 procul
894 815 916 862 a
934 800 1016 864 mari
1031 804 1172 870 recessit
1186 821 1260 872 cum
1273 823 1337 872 uno

244 897 362 964 comite
383 892 566 979 Timanthe,
586 892 694 978 ibique
714 894 749 958 in
768 894 843 962 loco
867 915 1041 969 nemoroso
1063 899 1188 969 duriter
1208 909 1339 972 nomem

112 1021 116 1033 ι
173 1059 176 1064 ι
217 1003 454 1086 transegere
496 993 616 1059 Paucis
637 998 746 1060 autem
765 1001 843 1082 post
859 993 974 1064 diebus
987 1017 1067 1066 nam
1059 1000 1243 1091 humana,
1255 1023 1340 1090 quae

244 1119 374 1170 cursum
394 1093 570 1166 babebat
558 1113 593 1159 m
614 1085 763 1182 Syr-iarn,
784 1111 970 1166 conscensa
989 1101 1094 1166 variis
1113 1103 1256 1170 iactatus
1278 1123 1341 1219 pe·
1425 1143 1426 1188 ι

242 1201 353 1268 riculis
382 1197 426 1265 ad
452 1193 584 1264 Cariam
608 1191 801 1286 deportatus
831 1201 898 1286 est,
924 1196 1012 1266 unde
1040 1200 1142 1290 longo
1169 1204 1316 1318 spatio
1306 1225 1340 1270 ιιι
1416 1189 1426 1274 s

243 1303 436 1391 Aegyptum
455 1299 668 1364 transvectus
696 1313 814 1384 regem
834 1294 967 1366 tandem
988 1302 1158 1392 convenit,
1183 1304 1248 1369 iam
1269 1285 1340 1392 p'm'-

244 1402 318 1470 dem
346 1399 409 1467 sibi
436 1395 645 1484 benevolum,
673 1394 759 1482 quod
784 1397 920 1486 picturis
949 1404 985 1466 et
1009 1399 1130 1467 tabulis
1159 1399 1342 1490 Sicyoniae

244 1505 326 1571 artis
347 1498 432 1590 ιιιι
421 1515 486 1564 ιιιι
507 1496 695 1564 celebratae
716 1514 790 1564 eum
809 1495 998 1566 honoraret.
1039 1497 1136 1568 Dono
1157 1503 1259 1590 igitur
1280 1521 1342 1570 ac-

244 1604 331 1692 cepit
352 1605 482 1668 cenum
503 1597 740 1685 quinquaginta
760 1596 886 1664 talenta
906 1599 1033 1666 civitati
1053 1618 1146 1688 suae,
1167 1603 1343 1690 exquibus
1426 1633 1427 1684 ι

244 1700 466 1790 qnadraginta
485 1698 597 1765 statim
618 1713 730 1764 secum
756 1697 910 1766 auferens
930 1699 965 1766 in
993 1695 1256 1787 Peloponnesum
1284 1723 1343 1770 re-
1426 1685 1427 1770 ἶ

156 1845 160 1856 -
243 1803 362 1893 vertit3
388 1801 515 1895 reliqua
542 1795 699 1884 deinceps
726 1797 813 1864 misit
833 1799 864 1864 ei
884 1815 946 1864 rex
965 1817 1025 1885 per
1045 1801 1214 1887 portiones
1234 1803 1343 1868 minu-

243 1904 334 1972 tatim
339 1900 472 1996 divisa,
494 1897 621 1965 scilicet
640 1904 676 1964 ιι
696 1897 761 1966 vira
802 1899 838 1972 in
858 1897 1092 1986 Peloponneso
1108 1899 1161 1968 his
1179 1901 1292 2018 opibus
1310 1911 1344 1969 et

231 2001 471 2094 auctoritatem
492 2002 759 2084 consequeretur,
781 2015 876 2085 quam
902 1995 1016 2067 sedulo
1043 2001 1250 2086 quaesivisse
1277 2001 1344 2069 iam

244 2103 371 2170 clusin
391 2117 499 2190 regno
520 2104 767 2166 antecessorem
786 2104 897 2167 notum
917 2103 980 2166 est.

326 2201 424 2268 Hanc
444 2218 526 2266 vero
547 2199 645 2266 Arati
664 2197 904 2286 liberalitatem,
926 2215 990 2285 qua
1004 2198 1343 2288 pauperibusrecon-

246 2303 366 2374 ciliatio
388 2297 627 2384 concordiaque
647 2317 721 2374 cum
735 2297 906 2380 divitibus,
927 2299 1044 2387 populo
1060 2308 1170 2366 autem
1185 2302 1343 2370 universo
1427 2309 1428 2326 ¹

179 2451 181 2456 -
246 2404 338 2472 solus
359 2407 393 2468 et
405 2401 576 2475 securitas
597 2405 787 2486 comparata
807 2405 869 2485 est,
892 2399 971 2466 licet
990 2385 1208 2468 Plutarchus
1208 2405 1344 2470 summis

244 2501 395 2570 laudibus
415 2503 632 2588 prosequatur
659 2505 693 2564 et
722 2495 840 2566 Cicero
861 2496 945 2566 adeo
966 2496 1144 2566 admiretur
1162 2497 1342 2594 (de10d‘c
1393 2519 1395 2527 ·

243 2603 288 2690 II,
309 2596 393 2692 bb),
413 2605 449 2666 ιι
469 2600 648 2666 exclamet:
669 2594 721 2686 „0
742 2582 860 2665 virum
867 2603 1033 2688 magnum,
1054 2597 1278 2689 dignumque,
1288 2602 1343 2687 qui

242 2705 278 2772 in
297 2708 414 2769 nostra
432 2698 602 2786 republica
622 2704 721 2769 natus
750 2693 879 2766 essetb
908 2701 987 2766 licet
1012 2697 1209 2772 Plutarchus
1230 2703 1342 2788 suspi-
1428 2777 1429 2784 ἵ

243 2799 395 2878 ciendam
414 2800 512 2867 Arati
531 2799 660 2866 tanta
649 2819 684 2869 ιι
708 2800 856 2890 potentia
884 2796 1140 2880 moderationem
1159 2817 1238 2870 csse
1258 2817 1342 2870 ceu-

245 2909 330 2990 seat,
351 2921 447 2987 quum
468 2906 600 2966 creatus
622 2895 665 2964 ad
686 2899 817 2966 exulum
837 2899 990 2986 querelas
1012 2897 1255 2986 componendas
1270 2898 1343 2966 dis·

247 3005 396 3089 captator
427 3018 499 3066 cum
523 2999 628 3064 libera
655 3010 791 3086 prorsus
813 3003 977 3086 potestate
998 3005 1033 3064 ct
1063 2996 1209 3084 arbitrio,
1229 2983 1341 3066 tannen

246 3104 341 3170 cives
371 3098 552 3185 quindecim
577 3097 641 3164 sibi
667 3097 841 3186 allegisset
874 3097 1002 3188 negotii
1032 3089 1116 3163 tanti
1145 3099 1340 3192 participes,

244 3200 476 3272 tumeamulta
496 3216 572 3264 esse
593 3197 746 3284 arbitror,
767 3214 851 3283 quae
871 3195 1058 3285 impediant,
1072 3199 1241 3282 quominus
1254 3197 1341 3272 idem

246 3309 388 3372 statuam
409 3301 483 3368 sive
502 3297 546 3366 ad
567 3317 679 3367 eorum
699 3299 897 3366 sententiam
917 3294 1085 3364 accedam.
1428 3377 1429 3384 ἵ

330 3404 456 3470 Aratus
485 3401 572 3468 enim
601 3417 708 3488 neque
736 3400 852 3466 civium
872 3415 936 3488 nec
955 3398 1084 3485 patriae
1105 3414 1216 3464 amore
1235 3417 1342 3487 pecu·

246 3507 320 3573 nias
339 3503 423 3570 illas
448 3502 535 3568 inter
562 3501 678 3568 exules
706 3505 741 3568 et
767 3516 931 3587 pauperes
960 3499 1053 3564 cives
1083 3494 1238 3566 divisisse
1266 3498 1342 3564 mihi

247 3603 393 3691 videtur,
414 3598 571 3670 eiusmodi
594 3618 711 3688 nempe
731 3617 843 3687 amor,
870 3602 907 3664 ut
931 3596 1128 3664 Plutarchus
1157 3597 1230 3684 ipse
1251 3599 1341 3664 ιιι·-1

247 3709 331 3794 mat,
357 3695 485 3768 ahenas
514 3706 587 3774 eret
618 3700 660 3769 ab
691 3700 789 3766 Arati
819 3702 946 3784 mente,
979 3693 1041 3762 sed
1070 3697 1193 3785 potius,
1223 3703 1261 3774 ιιι
1289 3697 1340 3764 his

248 3803 363 3891 opibus
393 3800 436 3868 ad
469 3801 647 3874 Ptolemaei
678 3799 861 3886 exemplum
890 3799 1041 3891 asseclas
1072 3797 1136 3864 sibi
1167 3815 1339 3896 compara·
1360 3877 1363 3883 ¹

246 3908 315 3990 ret,
341 3919 475 3988 quorum
495 3901 616 3968 auxilio
637 3901 843 3986 abuteretur,
871 3901 924 3984 ιι,
953 3915 1038 3984 quae
1058 3897 1165 3966 animo
1187 3902 1340 3983 tanquam

184 4055 187 4062 ,
248 4017 373 4068 summa
404 4000 630 4098 concepipsct,
660 3997 793 4066 tandem
823 4003 939 4087 posset
969 3998 1136 4084 consequi.
1156 3993 1339 4090 (immerito

249 4100 511 4188 Drumannusl
539 4115 568 4164 c
594 4120 663 4187 p.
646 4101 717 4164 ιιι
745 4097 779 4166 id
809 4098 928 4170 iactum
948 4091 1119 4189 excusat.)
1158 4095 1339 4166 Moderatio

248 4221 330 4271 vero
350 4203 416 4272 ista
435 4206 470 4270 ct
490 4179 671 4291 quindecim
690 4197 827 4269 iudicum
849 4200 1012 4288 cooptatio
1031 4197 1158 4268 tantum
1178 4196 1291 4284 abest,
1306 4201 1339 4262 ut
