2864 4960
580 265 883 390 -Trta-

182 511 275 596 quasi
294 499 458 596 quandam
478 511 512 576 in
533 508 640 576 Arato
666 506 710 576 ah
723 506 870 576 Achaeis
892 505 1069 574 admissam
1089 525 1167 576 erse
1188 513 1288 576 certo

181 610 313 678 scimus.
326 608 406 704 (Oi.
428 609 512 676 inira
533 603 567 696 S
588 605 670 698 48.)
1023 626 1026 633 ’

679 761 713 856 s·
735 769 786 830 4⁶·
861 841 865 848 .

370 905 565 987 Argivorum
585 901 715 982 tyrcano·
732 899 772 962 ad
793 898 896 961 Arato
910 903 1074 982 pacata.

264 1047 387 1130 Quibus
418 1043 546 1133 quidem
573 1044 720 1134 peractis
747 1041 850 1110 doluit
878 1047 988 1109 tamen
1008 1043 1136 1110 Aratus
1155 1045 1288 1137 urbem,

182 1151 217 1218 in
238 1167 303 1237 qua
322 1147 482 1216 educatus
504 1151 593 1232 erat,
615 1163 637 1210 a
657 1149 799 1232 tyranno
820 1141 928 1210 adhuc
949 1163 1143 1234 oppressam
1162 1151 1288 1216 teneri.

183 1249 359 1320 Constituit
379 1251 481 1338 igitur
509 1247 661 1336 Argivos
684 1263 811 1332 quoque
836 1245 990 1312 libertate
1011 1243 1199 1314 condonare
1220 1267 1289 1315 eo-

183 1367 318 1438 rumque
336 1355 522 1438 tp‘ranrnm,
544 1345 827 1434 Aristomachum,
848 1348 1043 1440 opprimere.
1085 1348 1139 1414 Ac
1158 1349 1290 1436 reperti

183 1457 289 1540 sunt,
307 1453 361 1538 qui
387 1462 458 1516 rem
479 1449 714 1536 susciperent,
746 1465 881 1534 quorum
906 1447 1070 1537 principes
1090 1447 1289 1536 Aeschylus

181 1543 454 1638 etcharimenes,
476 1555 584 1636 vates,
604 1549 706 1615 luere.
749 1545 895 1614 Dissidio
917 1554 1026 1615 autem
1045 1549 1134 1616 inter
1154 1554 1290 1615 utrum-

183 1668 246 1736 que
260 1657 332 1718 orto
342 1649 558 1718 dharimenes
572 1657 714 1740 tyranno
729 1648 985 1714 coniurationem
994 1649 1157 1736 patefecit.
1178 1645 1291 1716 Brevi

69 1767 72 1775 ¹
184 1760 296 1818 tamen
317 1757 393 1839 post
413 1755 533 1818 necato
558 1769 619 1838 per
649 1767 768 1817 servos
793 1749 1026 1816 Aristomaeho
1056 1768 1151 1836 quum
1172 1767 1288 1816 rerum

183 1853 305 1940 potitus
326 1857 419 1919 esset
438 1853 645 1938 AristippuS,
667 1853 721 1938 qui
743 1847 927 1930 crudeliore
948 1847 1114 1916 dominatu
1129 1851 1287 1940 Argivos

183 1955 363 2041 oppressit,
391 1970 455 2018 nec
477 1941 691 2018 clandestinis
713 1951 943 2038 irruptionibus
964 1953 1135 2038 quicquam
1155 1952 1288 2018 Aratus

180 2053 395 2140 profecisset,
422 2053 588 2140 Achaeis,
619 2057 776 2140 quotquot
796 2049 840 2118 ad
868 2070 999 2119 manum
1018 2058 1115 2120 erant
1135 2057 1170 2120 et
1189 2058 1288 2118 arma

182 2153 271 2221 ferre
291 2160 464 2242 poterant,
487 2156 612 2224 coactis
634 2174 674 2230 eo
695 2153 865 2222 advolavit
885 2171 979 2242 spem
998 2153 1117 2222 fovens
1136 2155 1225 2241 fore,
1248 2160 1289 2220 ut

184 2253 308 2343 Argivi
330 2262 364 2324 et
383 2257 446 2346 ipsi
466 2273 488 2321 a
519 2256 706 2322 cervicibus
726 2245 856 2322 violens
882 2256 1086 2342 usurpatoris
1114 2256 1289 2342 imperium

183 2356 301 2442 promti
316 2353 506 2422 deiicerent.
554 2351 624 2422 Sed
641 2374 737 2442 quum
758 2351 926 2421 multitudo
942 2373 986 2421 ex
1000 2352 1214 2422 assuetudine
1241 2356 1288 2420 li-

186 2455 303 2521 henter
325 2457 469 2522 serviret
490 2473 530 2520 ac
552 2474 646 2522 nemo
668 2453 711 2520 ad
740 2455 846 2542 ipsum
872 2455 1044 2533 transiret,
1074 2458 1200 2544 recepit
1233 2475 1288 2545 se,

186 2556 343 2622 Achaeos
364 2575 446 2622 vero
467 2556 502 2620 in
524 2555 646 2622 crimen
670 2555 810 2621 coniecit
838 2572 930 2619 arma
955 2555 990 2620 in
1014 2573 1101 2642 paee
1126 2555 1287 2622 movisse.

186 2652 290 2737 Quam
311 2655 352 2723 ob
374 2674 444 2723 rem
465 2673 486 2722 a
507 2655 782 2743 MantinensihuS,
804 2675 938 2742 quorum
960 2655 1073 2722 urbem
1092 2657 1200 2730 Arato
1216 2676 1287 2736 non

187 2762 383 2824 occurrente
411 2757 600 2844 Aristippus
628 2755 838 2824 Achaeorum
864 2757 1046 2826 exercitum
1076 2773 1286 2844 persequens

100 2916 103 2931 ,
187 2863 339 2946 ceperat,
368 2858 410 2922 lis
437 2857 575 2946 triginta
595 2858 689 2923 minis
712 2857 969 2954 est'aestimata.
1029 2853 1213 2924 Schomius
1236 2851 1285 2948 (l.
1328 2925 1332 2932 ,

187 2975 215 3022 c.
238 2979 267 3046 p.
277 2961 355 3044 ct.)
378 2975 531 3023 caussam
552 2952 769 3024 damnationis
789 2978 855 3024 non
885 2955 1017 3024 videtur
1045 2962 1203 3024 accurate
1230 2959 1286 3022 in-

186 3049 366 3143 tellexisse,
388 3057 506 3144 quippe
528 3057 580 3141 qui
601 3055 736 3145 insuper
757 3055 799 3123 de
828 3065 963 3125 summo
983 3057 1203 3125 Macedonum
1232 3058 1286 3123 iu-

188 3155 291 3244 dicio,
313 3155 399 3244 quod
419 3157 611 3225 Mantineae
632 3157 749 3245 hierit,
769 3157 941 3224 fabuletur.
991 3155 1180 3246 Aristippus
1200 3177 1286 3226 vero

189 3259 231 3326 ab
253 3259 423 3347 Antigono
445 3257 634 3326 cohortatus
655 3277 717 3348 per
737 3259 876 3326 sicarios
896 3257 1003 3324 Arato
1024 3257 1200 3324 insidiatus
1222 3265 1286 3344 est,

188 3359 249 3426 sed
270 3357 355 3447 qnod
376 3375 440 3425 nec
463 3364 592 3424 centum
613 3377 676 3426 nec
696 3361 808 3448 plures
831 3359 1017 3425 effecissent
1040 3359 1222 3446 satellites,
1251 3357 1286 3426 id

190 3461 296 3528 effecit
317 3477 407 3527 amor
428 3479 578 3546 suorum,
608 3477 671 3546 quo
699 3459 741 3524 ab
764 3461 911 3526 omnibus
928 3479 995 3526 non
1008 3459 1113 3526 solum
1126 3457 1286 3548 Achaeis,

155 3629 157 3632 .
185 3559 249 3647 ¹sed
276 3561 457 3646 quicunque
484 3561 628 3627 melioris
641 3565 752 3626 crant
782 3557 899 3627 indolis
928 3565 1124 3648 prosecutus
1159 3559 1286 3647 absque

184 3659 330 3726 hostium
350 3661 614 3748 inimicorumque
633 3661 757 3728 malitia
777 3665 867 3726 tutus
888 3655 1098 3728 reddebatur.
1120 3655 1157 3746 ¹)

245 3897 271 3964 ί)
287 3893 327 3946 De
345 3895 465 3964 tyrannis
476 3895 640 3952 Graecorum
659 3904 785 3950 accurate
804 3895 912 3968 quidem
931 3895 1079 3968 disputavit
1096 3897 1125 3950 im
1146 3896 1284 3951 Dissertat·

288 3997 336 4034 sua
355 3987 382 4034 et
399 3979 428 4034 in
445 3981 515 4035 libro
533 3999 611 4054 supra
638 3981 744 4052 saepius
766 3985 849 4036 citato
870 3985 908 4054 (p.
924 3982 984 4040 545.
1007 3984 1078 4054 sqq.)
1101 3981 1285 4050 Drumamuus,

289 4067 330 4120 vir
347 4069 408 4131 cel,
428 4067 481 4120 ali'a
499 4077 588 4122 tamen
608 4077 791 4136 tyrannorum,
810 4069 857 4141 qui
875 4069 950 4122 Arati
967 4063 1135 4140 temporibus
1153 4085 1285 4123 summum

287 4155 315 4207 in
336 4153 515 4225 Peloponnesi
535 4154 645 4209 urbibus
664 4153 998 4226 obtinebautimprrium,
1018 4154 1125 4210 videtur
1142 4153 1223 4208 luisse
1242 4168 1286 4206 ra·

289 4241 335 4294 tio.
373 4241 451 4296 lieet
467 4260 522 4298 nou
542 4243 662 4304 omnium
680 4255 765 4298 merca
784 4260 799 4296 a
818 4241 994 4316 scriptoribus
1012 4239 1092 4296 uobis
1110 4243 1165 4294 rint
1183 4239 1285 4315 depicti
