2902 4956
353 401 752 540 1—352-

64 604 245 691 sepulcrum
267 607 393 690 exstat,
414 603 466 688 qui
482 599 749 690 adolescentulus
770 587 927 692 indigena
945 603 1091 693 Herculi,
1113 609 1148 672 ut
1210 625 1216 632 ·

63 705 156 789 aiunt,
176 704 213 767 in
235 701 399 768 amoribus
418 701 487 791 linit,
508 707 542 770 et
561 703 769 790 superstitem
787 703 833 768 illi
851 704 1025 771 Herculem
1045 707 1149 792 ipsum
1221 748 1228 754 -
1360 683 1367 702 ⁶

62 805 211 868 tunulum
232 819 337 891 puero
356 801 475 868 fecisse
494 807 673 868 memorant
700 803 913 890 capillumque
933 805 1067 870 inferias
1087 805 1149 870 mi-

61 903 152 968 sisse.
195 901 386 968 Pausaniae
412 901 583 972 etiamnum
610 905 720 969 aetate
744 903 930 970 imminebat
951 910 1062 970 terrae
1083 921 1150 993 ag-

60 1003 129 1088 geri
155 1002 245 1094 pila,
276 1002 329 1066 cui
354 1000 507 1068 Herculis
535 1003 667 1091 signum
691 1002 884 1089 insistebat,
912 1007 947 1068 et
971 1003 1151 1090 parenttre

60 1099 213 1166 Sostrato
234 1099 411 1189 populares
430 1101 533 1189 ipsius
554 1102 694 1190 scriptur
713 1105 829 1168 noster
849 1101 986 1189 accepit.
1013 1103 1152 1170 Habue-

59 1207 129 1266 runt
161 1219 267 1287 porro
298 1197 393 1266 iidem
421 1199 560 1287 Dymaei
592 1200 765 1268 lllinervac
799 1197 915 1267 aedem
945 1206 980 1266 et
1009 1203 1151 1290 signum,
1252 1201 1256 1210 “
1285 1253 1292 1272 ι

59 1301 154 1386 prisci
182 1307 357 1384 utrumque
383 1301 500 1386 operis
530 1295 853 1394 (costumas
876 1292 1012 1390 Δύμη.)
1051 1300 1151 1368 Aliud

60 1402 152 1468 etiam
182 1397 275 1487 apud
303 1397 469 1486 Dymaeus
494 1397 722 1488 Dindymenae
747 1400 843 1478 matri
870 1406 904 1466 et
932 1401 1031 1468 Attae
1057 1399 1152 1468 ‹ledi-

60 1507 165 1574 catum
194 1505 271 1566 erat
296 1498 428 1587 fanum,
449 1505 484 1567 et
504 1495 651 1568 0ebutae
678 1500 824 1566 cursoris
852 1500 1011 1566 victoriae
1036 1519 1153 1568 monu-

59 1605 208 1666 mentum
247 1593 311 1677 Qui
331 1617 431 1684 quum,
445 1601 567 1686 primus
588 1616 631 1667 ex
645 1597 792 1664 Achaeis
807 1595 975 1685 Olympiae
997 1617 1152 1668 coronam
1287 1659 1290 1668 ,

57 1700 232 1771 meruisset
253 1716 360 1782 neque
381 1697 479 1764 ullum
498 1695 584 1785 apud
605 1699 697 1764 cives
718 1715 797 1766 suus
818 1701 1000 1766 eonomine
1016 1699 1152 1788 dignum

58 1795 215 1872 honorem
236 1803 330 1862 ‘esset
350 1795 498 1884 adeptus,
519 1799 730 1885 imprecatum
739 1798 885 1868 Achaeis
900 1799 1001 1885 aiunt⁷
1021 1803 1151 1886 nequis

57 1896 199 1982 ipsorum
227 1913 371 1981 unquam
394 1899 534 1984 palmam
559 1893 762 1986 olympicam
786 1899 897 1964 ferret.
945 1893 1035 1978 Quas
1061 1897 1152 1966 diras

57 1995 274 2064 undenum
293 1997 499 2064 resciverunt
508 1997 653 2083 Achaei,
674 2015 780 2083 quum,
801 2016 840 2062 se
860 1999 1017 2064 mirantes
1038 1993 1153 2084 Dlym-

56 2099 200 2182 picarum
213 2095 393 2182 palmarum
407 2101 573 2184 computes
586 2095 658 2162 ficri
670 2113 834 2180 nunquam
848 2097 983 2184 amplius
997 2096 1153 2184 putuisse,

55 2194 205 2283 Delphos
220 2193 264 2260 ad
280 2196 443 2262 oraculum
456 2196 624 2262 miserunt.
645 2193 693 2262 Dt
705 2199 784 2260 tunc
799 2193 925 2281 quidem
937 2215 1032 2282 qurum
1042 2199 1077 2262 et
1087 2195 1153 2260 alia

55 2297 87 2362 iu
105 2293 261 2364 Debotae
277 2295 431 2364 honorem
448 2296 667 2365 instituissent
684 2295 810 2381 urique
830 2301 972 2362 statuum
991 2297 1025 2360 in
1038 2291 1152 2382 Dlym-

57 2398 141 2482 piam
160 2395 427 2470 misisseutmox
446 2393 621 2464 Sostratus
640 2393 817 2462 Pelleneus
841 2397 876 2462 in
900 2393 1007 2464 stadio
1025 2414 1152 2484 ¹pueros

57 2497 143 2564 vicit.
187 2495 279 2562 Hinc
303 2493 487 2562 Pausaniae
514 2497 689 2562 etiamnum
716 2501 827 2561 aetate
847 2495 994 2562 Achaeis
1019 2495 1153 2564 athletis

58 2597 204 2676 solemne
231 2596 307 2681 luit,
336 2599 389 2682 ut,
418 2594 604 2684 priusquam
623 2596 658 2660 in
679 2589 883 2681 Olympicum
903 2600 1072 2662 certamen
1091 2592 1153 2659 de-

57 2694 277 2781 scenderent,
298 2689 445 2762 Debotoe
465 2698 680 2782 parentarent
700 2697 835 2780 eiusque
856 2700 987 2762 statuae
1006 2694 1152 2760 victores

59 2813 213 2864 coronam
244 2795 459 2881 imponerent.
511 2791 661 2861 Debotae
691 2804 802 2860 autem
831 2793 941 2880 palmo
971 2792 1013 2859 de
1035 2789 1152 2858 'stadio

59 2893 135 2962 data
155 2891 352 2982 Olympiade
371 2893 448 2962 Vll
468 2892 531 2989 [cf.
552 2891 650 2972 Pons.
664 2891 725 2982 Vl,
745 2895 777 2980 8,
796 2895 828 2956 4.
850 2902 884 2958 et
905 2910 933 2958 c.
954 2895 986 2981 Β,
1007 2893 1152 2958 l.Ama-

58 3013 154 3064 saeus
174 3014 238 3084 pro
260 2999 358 3062 sexta
377 2995 478 3062 habet
497 2997 669 3081 septimam
689 2990 740 3060 0l.
762 2991 964 3078 eandemque
983 2992 1154 3080 septimam

59 3097 181 3164 Duseh.
198 3096 234 3163 in
250 3087 409 3185 Chron.];
430 3099 540 3160 statua
558 3112 641 3161 vero
662 3088 833 3180 Olympiae
854 3111 898 3157 ex
915 3089 1076 3180 Delphico
1096 3091 1152 3156 illu

60 3215 219 3284 responsu
241 3195 445 3280 octogesima
463 3191 591 3262 demum
612 3189 805 3279 Olympiade
825 3198 940 3257 erecta
959 3197 1026 3278 est,
1047 3191 1099 3256 cui
1119 3190 1153 3254 in
1212 3191 1214 3196 '

60 3269 201 3362 vicari!
214 3295 372 3362 honorem
391 3293 425 3360 hi
445 3285 565 3360 versus
585 3293 734 3380 inscripti
753 3297 848 3357 sunt:

163 3391 270 3460 ohta
298 3387 461 3469 Οἰβώτας
483 3388 753 3458 creatuturam
775 3383 829 3455 ὅδ’
854 3389 1013 3472 Ἀχαιοῖς

230 3491 393 3578 Haupr'rlou
409 3486 567 3564 Πάλειαν
590 3492 664 3582 θῆκ’
686 3480 1002 3577 ὀνομαστοτέραν..
1059 3530 1063 3538 ,

63 3589 161 3674 Quam
182 3593 371 3660 Pausaniae
396 3590 438 3658 cle
459 3593 679 3666 ,monumentis
705 3592 740 3656 in
760 3587 908 3676 Dymaeo
936 3603 1022 3674 agro
1048 3583 1154 3652 obviis

62 3694 285 3778 narrationem
303 3693 332 3756 si
352 3693 423 3776 quis
445 3681 632 3760 accuratius
652 3689 843 3778 adspexerit
855 3685 1036 3756 Dudwellii·
1047 3684 1153 3752 verba

62 3793 131 3879 ista,
153 3809 242 3878 qnae
261 3792 282 3855 l.
297 3809 326 3856 c.
346 3793 391 3877 Π,
412 3793 483 3855 151.
504 3783 672 3878 leguntur,
692 3789 801 3875 magis
822 3789 945 3852 iactata
965 3801 1061 3878 quam
1080 3802 1152 3850 me-

63 3887 163 3958 ditata
184 3908 263 3956 esse
283 3889 431 3956 lubenter
451 3887 626 3956 Siebehsio
648 3885 817 3954 concedet.
920 3967 922 3970 Ι
1163 3919 1167 3925 ‚

141 3991 322 4066 Distcrmm
343 4007 436 4073 ‚vero
470 3987 725 4074 Dymaeorum„
745 3986 799 4070 qni
831 4002 906 4050 cum
936 3982 1152 4050 Patrensibus

64 4105 218 4158 summam
245 4085 404 4162 dederunt
417 4105 579 4174 operam,
606 4093 642 4155 ut
668 4083 783 4153 foedus
810 4079 1017 4151 Achaeorum
1044 4080 1152 4148 ‹lcnuu

63 4187 234 4262 ineundum
255 4194 423 4260 curaretur
442 4177 577 4280 [Polyb.
598 4185 653 4270 11‚,.
662 4187 714 4256 ll.
735 4176 896 4272 lma),
914 4179 1008 4266 quotl-
1023 4181 1152 4281 attinet,

64 4305 167 4372 pauca
196 4292 321 4355 tantum
349 4286 435 4374 apud
464 4286 643 4373 scriptores
674 4289 808 4350 veteres
838 4279 968 4444 pmgi?
998 4279 1150 4368 legimus,
