2844 4952
462 331 730 404 ..207-

71 548 93 592 s.
116 523 246 592 Pramus
274 543 303 590 s
323 503 478 588 Pronnos'
501 517 636 606 appulit.
656 527 685 600 ¹)
726 515 829 599 Quom
857 519 930 590 noi
946 466 1137 610 enpugnsttr

70 623 216 691 diticilem
241 619 404 687 intellexit
432 615 476 684 ad
500 616 728 684 Palaeatarum
754 615 902 705 oppidum
927 624 1071 690 accessit
1090 625 1138 690 si·

70 723 182 808 mulque
203 736 396 810 oppugnare
417 733 605 805 aggressus
625 721 687 783 est.
728 717 862 784 Interim
887 720 1049 786 sociorum
1078 724 1139 790 im-

69 827 189 908 peratae
217 838 325 886 naves
351 815 547 906 adveniunt3
582 832 659 883 nam
691 814 849 882 Messenii
887 835 1014 904 quoque
1044 827 1140 910 capto

69 921 302 1010 Phigalensium
330 912 447 1004 oppido
478 913 587 1001 palam
617 913 692 980 helii
721 911 913 1001 participes
930 924 1025 986 erant
1052 921 1138 989 iacti.

69 1020 191 1085 Leontio
220 1021 328 1088 autem
348 1012 500 1102 segniter
528 1030 599 1079 rem
618 1017 761 1097 gerente
781 1012 905 1082 Palaea
925 1034 992 1082 non
1013 1019 1139 1106 capitur
1201 1011 1204 1018 ’

68 1120 103 1201 (c.
120 1121 148 1182 t
168 1119 222 1198 4.).

137 1223 342 1312 Lycurgus,
374 1217 707 1288 Lacedaemoniorum
740 1237 829 1305 rex,
861 1219 897 1286 in
928 1219 1139 1314 Messeniam,

69 1321 287 1409 Dorimachus,
321 1321 514 1388 Aetolorum
541 1325 692 1406 praetor,
725 1320 760 1386 in
790 1318 995 1386 Thessaliam
1025 1321 1140 1390 eodem

68 1425 197 1508 tempore
217 1419 452 1508 expeditiones
465 1419 596 1485 iaciunt.
638 1418 816 1505 Utriusque
840 1421 954 1506 gentis
974 1421 1078 1510 legati
1097 1421 1140 1488 ad

68 1539 168 1608 regem
187 1522 374 1608 mittuntur,
394 1517 437 1586 de
457 1519 577 1585 auxilio
598 1515 742 1585 ferendo.
783 1519 941 1586 Leontius
955 1530 990 1587 ut
1002 1521 1138 1588 inhies·

68 1620 179 1686 senium
196 1620 423 1708 proficiscatur
443 1636 505 1686 rex
524 1615 658 1705 suadet,
677 1617 804 1684 Aratus
825 1637 906 1686 vero
926 1624 962 1685 ut
982 1620 1016 1686 in
1029 1619 1138 1688 'ihes-

68 1720 168 1786 saliam
188 1740 261 1787 cum
283 1721 430 1787 exercitu
452 1715 638 1816 contendat.
680 1713 772 1797 Quae
794 1716 920 1803 quidem
940 1720 1046 1806 potior
1066 1722 1140 1788 viss

69 1824 112 1884 est
130 1821 303 1886 sententia
352 1819 457 1890 Misso
476 1819 578 1907 igitur
598 1819 745 1904 Eperato
767 1835 839 1884 oum
860 1819 962 1905 copiis
983 1817 1025 1884 ad
1045 1819 1140 1888 liles-

68 1921 178 1984 seniam
198 1916 452 2006 defendendam,
478 1920 551 2006 ipse
579 1935 641 1982 rex
672 1915 886 2003 Cephallenia
905 1918 1022 1985 relicta
1044 1918 1138 1987 hiduo
1163 1937 1165 1946 ’

68 2023 131 2102 post
148 2017 334 2096 Leucadem
355 2017 478 2106 appulit
498 2022 614 2104 nocte,
635 2013 775 2100 indeque
795 2033 855 2102 per
876 2016 979 2082 sinum
993 2017 1139 2084 Ambra-

68 2117 156 2183 sicum
175 2121 344 2208 navigans
363 2118 543 2184 Limnaeae
562 2121 690 2203 portum
711 2115 798 2200 cepit
818 2123 852 2181 et
865 2113 1011 2201 pedestri
1023 2117 1139 2184 itinere
1161 2134 1165 2142 ¹

69 2235 252 2304 progressus
277 2224 329 2284 est
348 2214 400 2310 (c.
419 2211 492 2307 lh),
513 2217 668 2282 assumtis
688 2216 902 2280 Acarnanum
923 2215 1034 2301 copiis,
1055 2213 1139 2282 duce

68 2315 306 2405 Aristophanto,
327 2318 539 2383 Acarnanum
558 2320 730 2402 praetore,
759 2311 801 2380 ad
825 2313 998 2380 'l'hermnm
1014 2314 1139 2382 ‘urbem

69 2415 102 2492 (c.
119 2418 178 2503 h),
200 2437 282 2504 quo,
311 2417 440 2484 Leontii
469 2416 635 2484 sententia
655 2415 770 2481 iterum
798 2413 960 2502 rehrtats,
990 2428 1139 2502 cumpro·

68 2509 191 2602 lataque
199 2516 310 2603 Arati,
323 2535 383 2603 per
396 2515 508 2582 fauces
522 2517 608 2582 inter
618 2513 776 2601 Stratum,
785 2515 967 2602 Arginium,
976 2514 1140 2602 Thestias,
1155 2545 1160 2554 a

69 2607 225 2702 Conopen,
261 2605 519 2702 Lysimachiam,
549 2615 772 2699 Trichonium,
802 2614 981 2680 Phocteum
1001 2612 1044 2680 ad
1063 2615 1139 2682 Me-

69 2714 161 2798 tupam
181 2717 283 2801 sitas,
308 2717 424 2782 itinere
451 2715 556 2801 facto,
588 2719 623 2782 et
641 2715 776 2800 Metapa
796 2711 839 2777 ad
861 2713 1066 2806 'frichonium
1087 2713 1156 2776 la-·

69 2826 129 2900 cun
154 2805 320 2902 praesidio
348 2814 507 2905 firmata,
524 2815 662 2898 vicoque
696 2803 853 2897 Pamphia
882 2813 1024 2898 munito,
1051 2811 1139 2878 viam

70 2910 183 2979 circiter
214 2913 394 2982 stadiorum
431 2915 568 3002 triginta
601 2928 753 2978 emensus
786 2909 885 2976 multo
913 2907 966 2975 die
991 2907 1139 2999 (πολλῆς

71 3007 169 3104 daug,
200 3033 257 3080 am
283 3014 422 3104 Mittage
450 3011 628 3080 desselben
652 3010 786 3100 Tages,
817 3010 973 3099 Helviug.
1001 3010 1138 3097 l.·c.1p.

70 3107 143 3188 199.)
161 3115 325 3202 pervenit.
368 3109 497 3182 Castris
517 3112 561 3180 ihi
580 3113 696 3201 positis
716 3113 835 3200 agrum
854 3111 1040 3199 populatur,
1060 3110 1139 3178 urus

73 3278 302 3300 ψ

114 3367 139 3435 1)
155 3369 276 3422 Foerunt
292 3369 371 3435 igitur
389 3326 507 3451 Philippi
525 3368 604 3422 socii:
624 3366 748 3420 Messenii
767 3367 981 3438 postl’higsliam
993 3379 1137 3443 receptam,

156 3456 298 3524 Epirotae,
317 3451 485 3520 Acarnanes,
506 3453 620 3517 Achaei,
641 3453 740 3520 Illyrii,
760 3453 931 3506 Scerdilaedo
949 3455 1027 3520 duce,
1047 3457 1140 3512 Boeoti
1274 3471 1280 3488 ¹

155 3540 237 3612 (Plut.
255 3543 327 3595 Aret.
347 3558 370 3594 c·
388 3544 443 3610 on)
467 3549 494 3594 ct
510 3540 650 3608 Thessali,
676 3539 829 3592 Aetolorum
854 3555 932 3592 vero:
955 3539 1029 3604 Elei,
1058 3545 1139 3596 Lace·

156 3611 306 3692 daemonii,
332 3628 507 3680 Plroceusium
525 3625 639 3678 maxims
662 3643 723 3696 pars
742 3627 791 3695 (ito
809 3626 879 3678 enim
898 3626 1088 3697 respondemus
1105 3631 1140 3682 ad

157 3713 243 3768 Lucae
262 3716 278 3770 l.
298 3732 321 3768 c.
339 3733 366 3786 p.
386 3719 445 3768 112.
462 3715 493 3766 N.
504 3719 528 3768 1.
548 3714 752 3784 quaestionem),
773 3711 865 3778 Polyb.
885 3713 920 3775 V,
938 3711 982 3776 24,
1002 3718 1042 3770 12.
1061 3718 1138 3782 nau,

160 3807 182 3854 1.
203 3805 235 3857 16
270 3817 293 3854 c.
310 3807 359 3864 27,
382 3805 407 3856 3.
427 3801 513 3864 c.28‚
539 3798 564 3852 4.
591 3799 616 3854 9.
654 3798 826 3850 Athenienses
850 3813 910 3852 cum
928 3799 1029 3854 Aetolis
1047 3801 1140 3856 iecisse

159 3888 318 3941 concludere
335 3883 418 3956 possis
434 3883 476 3937 vel
494 3901 527 3936 ex
544 3883 637 3952 Polyb.
655 3883 689 3948 V,
712 3885 770 3945 106.
790 3884 876 3940 6-8.
895 3885 937 3938 vel
955 3903 987 3937 ex
1005 3905 1048 3952 eo,
1069 3889 1141 3962 quod

160 3971 299 4045 Philippus
316 3971 383 4025 mari
400 3973 428 4024 in
446 3971 658 4042 Peloponnesum
676 3969 810 4040 proticisci
828 3968 921 4022 solitus
938 3979 985 4025 est.
1020 3973 1141 4030 Forsitan

161 4058 240 4110 etiam
256 4061 424 4126 Megarenses
441 4055 475 4108 sd
493 4053 646 4108 Aetolorum
670 4063 758 4124 partes
781 4055 953 4120 transierint,
980 4058 1083 4112 scilicet
1106 4061 1140 4112 ab

160 4143 266 4206 lsthmo
281 4144 364 4198 amica
389 4151 470 4214 atque
497 4137 602 4194 socialis
627 4139 679 4190 illis
704 4137 777 4204 regio
799 4139 916 4211 petuisse
934 4149 1062 4196 narratur.
1086 4141 1140 4214 (cf.

161 4227 243 4283 Lucas
261 4230 277 4284 l.
296 4248 319 4286 c.
338 4249 364 4302 p.
385 4227 457 4298 112.)
553 4219 555 4226 ’
