2864 4960
595 289 998 406 ’.-ι4ο----Ἰ

227 532 289 600 hus
309 530 365 596 uel
384 523 532 598 inimicis
545 523 763 608 accessisset,
794 525 988 609 pervertere
1009 525 1114 610 atque
1136 520 1238 586 irrita
1258 519 1335 588 resl-

226 629 308 698 dere
329 628 436 697 amum
464 625 558 714 regis
580 623 718 690 consilia
738 626 773 689 et
793 623 965 690 conamina
985 623 1167 708 potuisset.
1200 620 1335 688 Ere-hu-

225 731 277 796 ius
298 733 407 794 autem
427 724 596 793 societatis
618 721 852 798 conditionibus
879 720 1024 810 Agidem
1044 721 1207 788 Achaeis
1229 724 1336 809 opitu.

226 829 328 895 latum
348 844 425 893 esse
444 823 660 892 disertissim
680 824 820 890 affirmat
838 823 1035 890 Plutarchus
1062 821 1207 918 (Arat.·
1226 840 1256 888 c.
1286 825 1333 888 lt.

226 931 278 994 lt
299 925 446 1016 thet).
467 925 649 992 Mansonis
661 925 764 1012 igitur
777 925 953 1012 explicatio
971 924 1064 990 simul
1085 929 1145 990 est
1168 921 1334 990 medichra

226 1027 419 1117 asperrima,
439 1043 536 1112 quam
544 1025 731 1092 Pausaniae
742 1023 866 1092 obtulit.
887 1025 959 1092 lam
970 1025 1083 1092 Lucas
1101 1021 1152 1114 (1.
1165 1043 1197 1090 c.
1213 1045 1247 1112 p.
1261 1016 1334 1114 δι]

226 1137 262 1196 et
280 1127 466 1216 Koenigius
486 1125 682 1197 Maesonem
701 1129 794 1193 recte
814 1125 1111 1214 impugnaverunt,
1135 1141 1334 1210 quamquam

226 1221 317 1316 priol·
336 1228 394 1294 vir.
409 1223 620 1294 doctissimus
641 1221 740 1316 (inid.
761 1225 840 1293 Not
861 1226 936 1314 2.),
959 1224 985 1306 ¹)
1006 1243 1045 1290 se
1066 1228 1148 1291 octo
1171 1241 1332 1290 annorum

225 1328 386 1398 rationem
406 1327 564 1396 habuisse
584 1328 728 1417 nudam,
748 1346 817 1397 non
837 1327 991 1396 senserit
1032 1325 1234 1394 Pausaniae
1253 1341 1332 1393 vero

279 1571 308 1640 t)
325 1567 541 1638 Lydiadasenim
558 1572 652 1625 urbem
664 1589 738 1625 suam
749 1569 865 1626 Achaeis
882 1557 995 1626 tradidit
1011 1571 1065 1627 236
1079 1587 1105 1624 a.
1117 1543 1190 1627 hur.
1210 1576 1238 1624 et
1255 1587 1329 1643 prse-

323 1663 368 1710 tor
385 1665 490 1711 creatus
508 1658 619 1724 est234
633 1675 656 1714 s.
676 1659 740 1714 Chr.
759 1658 898 1712 Secundae
914 1658 979 1710 item
997 1658 1074 1711 Arati
1091 1667 1329 1730 praeturseauuo

324 1743 403 1812 Agis,
430 1761 513 1816 ¹<passu
538 1744 650 1800 Clinton
676 1748 706 1814 (l.
725 1761 749 1800 c·
767 1764 794 1818 p.
813 1745 886 1812 216.)
905 1753 1030 1818 quartum
1049 1746 1133 1812 iacit,
1163 1745 1328 1800 Eudamldae
1419 1755 1420 1761 ’

323 1829 436 1886 secundi
455 1832 544 1896 filius,
564 1831 599 1884 ad
617 1831 746 1886 Pellenen
764 1834 799 1886 sb
817 1833 899 1886 Aratu
916 1833 1005 1886 nctus
1022 1831 1057 1884 sd
1074 1832 1254 1888 Achaeorum
1270 1849 1328 1904 par·
1419 1905 1420 1910 ἵ

323 1923 364 1970 tes
382 1917 506 1988 transiit;
526 1919 665 1972 Mantinea
683 1937 763 1985 vero,·
781 1917 1118 1991 quamurettenhsuehius
1138 1920 1172 1990 (l.
1183 1936 1246 1992 cp.
1259 1918 1327 1988 187.)

322 2003 419 2059 eodem
438 2021 511 2058 suno
529 2005 564 2058 ab
583 2005 699 2060 Achaeis
716 2014 894 2078 expugnatam
913 2003 1005 2058 addita
1034 2015 1130 2060 tamen
1156 2005 1325 2058 dubitatione

324 2090 438 2156 scribit,
466 2094 575 2164 corpori
601 2093 773 2147 Achaeorum
800 2101 881 2166 capta
907 2094 960 2146 iarn
979 2093 1149 2165 Megalopoli
1168 2101 1325 2163 mortuoque

322 2175 464 2232 Demetrio
491 2179 634 2234 accessisse
658 2179 835 2234 existimanda
861 2189 903 2234 est
936 2180 1043 2250 (Polyb.
1070 2181 1118 2244 11,
1148 2183 1193 2237 57.
1222 2177 1277 2241 tv,
1301 2178 1324 2232 8·

323 2264 403 2318 Paua·
423 2265 450 2318 11
461 2287 473 2332 ,¹
488 2270 521 2333 8,
540 2265 681 2332 5.·v111,
699 2271 737 2333 6,
758 2274 782 2323 t.
810 2269 879 2322 Plut.
897 2266 971 2320 Arat.
989 2283 1013 2322 c.
1032 2263 1099 2336 en).
1140 2269 1183 2322 Ac
1202 2265 1324 2335 Polybius

323 2350 433 2422 quidem
451 2360 603 2424 temporum
620 2353 752 2407 rationem
777 2353 807 2405 in
824 2352 867 2406 his
884 2351 985 2408 habuit
1002 2353 1125 2422 nullam3
1153 2353 1240 2406 altero
1258 2349 1322 2402 euim

323 2439 386 2492 loco
404 2439 570 2493 Mantineam
588 2449 650 2510 post
667 2439 811 2508 Sicyonem
829 2441 937 2504 staden,
962 2439 1048 2494 altero
1067 2447 1218 2512 antequam
1236 2437 1265 2490 in
1281 2437 1324 2490 Pc-

323 2526 503 2598 loponnasum
529 2525 646 2580 venisset
670 2527 818 2594 Antigonus
845 2527 939 2580 Doson
962 2525 998 2579 ab
1024 2525 1144 2581 Achaeis
1168 2531 1322 2596 occupatura

323 2628 381 2666 esse
399 2619 500 2666 narrat.
534 2613 634 2666 Verum
653 2609 721 2667 haec
739 2614 777 2668 ita
795 2612 911 2667 interae
929 2613 1057 2681 coniungi
1075 2614 1199 2669 dehent:
1227 2610 1323 2667 Foede·

266 2768 267 2773 ἵ
324 2707 383 2752 rata
401 2715 463 2752 cunr
482 2701 597 2754 Achaeis
612 2701 760 2765 ,Mantinea
788 2707 851 2772 post
872 2699 1003 2752 Demetrii
1027 2699 1155 2766 obitum,
1183 2715 1247 2753 nana
1264 2698 1320 2760 hoc,

324 2785 418 2858 quoad
442 2787 525 2852 vixit,
552 2794 684 2855 regnante
707 2787 872 2854 singularum
894 2787 924 2840 in
950 2785 1141 2858 Peloponneso
1162 2785 1269 2840 urbium
1284 2791 1322 2852 ty·

325 2872 405 2926 ranni
424 2871 546 2928 adiutore
564 2892 621 2927 non
638 2871 854 2928 destituebantur
870 2871 961 2938 (Paua.
979 2873 1027 2938 ll,‘
1045 2875 1082 2936 8,
1111 2877 1140 2931 5.
1159 2874 1208 2946 qui
1225 2859 1321 2943 tempo·

323 2968 385 3012 runt
407 2967 481 3012 recte
508 2959 661 3015 observavit
684 2961 823 3015 decursum
842 2965 871 3012 et
892 2959 1060 3014 Mantineam
1086 2959 1197 3016 devicto
1222 2958 1320 3012 demum

233 3111 235 3119 y
324 3042 513 3097 Aristomache
527 3045 563 3098 11.
581 3055 689 3118 captam
700 3047 827 3102 abArato
842 3045 945 3118 tradit).
977 3046 1081 3119 Sponte
1099 3047 1254 3102 deseruerat
1270 3043 1321 3095 lue·

212 3203 216 3209 ¹
328 3127 394 3194 dus,
414 3139 442 3184 et
459 3128 561 3186 Aetolia
579 3131 709 3204 primum,
728 3133 827 3186 deinde
845 3133 985 3187 Cleomeni
1004 3151 1031 3186 se
1048 3121 1173 3192 tradidit,
1192 3131 1318 3202 sedquar·
1414 3135 1415 3140 ’

326 3221 355 3268 tc
374 3222 439 3268 aute
457 3215 602 3271 adventum
620 3217 750 3284 Antigoni
767 3219 884 3294 Dosouis
906 3220 935 3272 in
955 3220 1173 3290 Peloponnesum
1191 3233 1262 3272 anno
1278 3229 1321 3286 pet

327 3301 382 3354 vim
407 3309 488 3374 cepta
511 3303 546 3356 sc
573 3304 856 3375 Arst0(Polyb.1v,
884 3312 915 3370 a,
935 3305 974 3378 a)
997 3315 1025 3359 er
1042 3305 1159 3374 carogna
1177 3289 1269 3358 centn
1286 3297 1316 3350 su

325 3387 441 3443 Achaeis
459 3388 558 3444 lubens
575 3389 669 3446 volens
684 3388 799 3446 Achaeis
811 3409 839 3446 ae
852 3391 960 3460 iungere
970 3393 1024 3446 visa
1036 3401 1077 3446 est
1085 3392 1193 3463 (Polyb.
1207 3391 1243 3453 Il,
1256 3389 1315 3450 57.)

325 3481 355 3528 et
371 3475 534 3546 praesidinm
554 3477 589 3530 ab
607 3477 722 3532 Achaeis
739 3485 862 3550 petentes
880 3479 1065 3532 Mantiuenses
1083 3479 1258 3534 obtinuerunt
1273 3469 1315 3524 ad·
1413 3493 1414 3496 ¹

327 3577 418 3615 versus
436 3562 588 3617 Cleomenis
615 3565 826 3638 Aetolorumque
854 3572 967 3618 conatus
992 3565 1052 3634 (ll,
1077 3563 1150 3636 58.);
1175 3580 1237 3616 mox
1258 3561 1320 3612 sero'

327 3663 417 3700 rursus
434 3657 578 3721 praerepta
596 3651 661 3703 urbs
673 3660 714 3703 est
731 3669 746 3702 a
765 3649 984 3719 Cleomenem,
1012 3649 1064 3716 46,
1089 3650 1129 3721 2.)
1151 3665 1207 3702 non
1232 3640 1313 3716 inritis

328 3731 448 3799 civibus,
478 3733 731 3788 redinuitsntihus
759 3753 847 3803 regern
866 3741 893 3788 et
910 3734 1071 3807 praesidium
1089 3735 1254 3792 Achaeorum
1271 3725 1315 3780 cb·
1413 3739 1414 3746 ’

328 3819 516 3874 truncantibus
534 3818 589 3890 (ll,
609 3823 653 3884 58,
672 3821 719 3893 4.).
756 3820 824 3874 Inde
841 3831 950 3894 recepta
968 3821 1034 3874 urbe
1052 3820 1089 3874 ab
1105 3819 1253 3887 Antigono,
1270 3809 1312 3862 ad·
1410 3826 1412 3886 t

328 3913 427 3958 vocato
445 3905 480 3958 ab
499 3906 615 3960 Achaeis
632 3905 689 3976 (ll,
708 3906 761 3971 54,
782 3908 855 3976 lh),
888 3907 960 3960 bona
979 3905 1079 3961 civium
1097 3906 1200 3976 direpta
1217 3904 1274 3954 sunt
1288 3899 1313 3946 ct
1411 3897 1412 3934 l

327 3989 415 4044 libers
432 3993 523 4062 capita
541 3991 591 4046 sub
614 3991 693 4044 hasta
717 3989 828 4046 vendita
855 3995 911 4063 (ll,
936 3995 985 4057 58,
1010 3993 1085 4062 1¹2),
1115 4007 1202 4062 poena
1219 3983 1316 4070 inflicta·
1411 3969 1412 3992 ¹

329 4075 432 4131 minore
450 4093 598 4149 quam'pro
615 4075 716 4130 meritis
734 4077 789 4144 (11,
808 4079 860 4144 58',
879 4081 933 4150 8.),
957 4095 1037 4152 quam
1055 4076 1187 4130 immerito
1204 4082 1230 4127 et
1243 4069 1310 4122 men·
1376 4145 1378 4150 Ι
1410 4087 1411 4112 r

329 4159 435 4217 ‹laciter
451 4161 617 4238 enumeravit
634 4161 799 4232 Phylarchus
816 4163 856 4234 (ll
867 4203 876 4228 ,
886 4191 888 4196 ·
900 4165 956 4233 sta)
980 4163 1133 4218 historicus:
1178 4159 1249 4214 llaec
1264 4151 1312 4206 hut
1410 4173 1411 4180 ¹

328 4245 411 4310 mods
428 4245 505 4304 ieter·
516 4265 546 4304 sa
561 4248 709 4304 cohaerent
726 4265 815 4322 neque
833 4256 894 4308 sunt
911 4246 1118 4305 commiscenda.
1144 4271 1147 4276 ·
1217 4265 1221 4274 ·
