2902 4956
479 335 924 444 -ἰι-”

95 565 293 634 ammoneri
312 560 505 632 ineritdioi
512 581 578 633 noir
599 563 724 649 potest,
750 577 853 646 quare
873 561 1068 633 diametros
1087 563 1176 633 salii.

94 673 144 736 lor
151 667 301 736 scribens
314 665 416 732 maris
429 661 536 737 unias
549 659 593 728 ad
606 661 730 729 Buram
742 663 919 748 pervenire
936 683 1003 731 non
1016 665 1177 756 potuisse

93 769 227 854 respexit
237 767 324 832 sine
343 763 440 832 dubio
461 764 546 830 haec
567 759 744 828 Strabonis
764 758 819 881 (V
821 763 886 850 111,
907 758 1176 855 3866)]666ιια
1315 817 1320 825 ,
1424 789 1425 824 ι

46 862 51 876 “
94 859 281 953 ὑπέρκειται
301 868 367 957 τῆς
383 857 598 953 θαλάττης
584 883 620 930 ιι
638 853 904 949 τετταράκοντά
918 885 987 930 ιτοιι
1005 869 1176 946 σταδίους,

92 985 166 1053 quac
189 973 302 1034 66666
333 966 500 1053 pertinent
531 961 575 1030 ad
604 963 823 1030 recentiorem
848 963 988 1054 Buram,
1024 974 1071 1034 nt·
1087 975 1180 1038 recte

93 1068 273 1134 observavit
295 1064 488 1134 Siebelisius
508 1061 575 1157 (ud
593 1064 693 1130 Paus.
707 1062 791 1151 vll,
805 1058 937 1154 166).
968 1068 1180 1154 Appellatam

92 1185 163 1238 vcro
183 1169 278 1244 aiunt
307 1184 329 1232 6
355 1165 447 1234 Β66
472 1165 563 1238 louis
579 1169 628 1240 ,et
654 1164 790 1233 Helices
816 1163 893 1230 iilia.
921 1163 999 1258 [tt-
1020 1169 1119 1234 Paus.
1145 1176 1180 1237 et

93 1264 197 1354 Steph.
225 1261 291 1357 B.)
337 1263 437 1333 Aliud
453 1263 507 1332 66
526 1265 664 1332 nominis
686 1265 816 1352 origine
837 1263 975 1334 traditur
995 1269 1030 1332 in
1052 1266 1178 1348 Gallim.
1280 1301 1285 1310 c

91 1367 155 1431 Η.
145 1387 177 1433 ιιι
196 1367 273 1434 Del.
296 1369 376 1454 102,
404 1366 459 1431 ubi
478 1364 570 1450 Bura
597 1362 716 1431 dicitur
738 1357 960 1453 Δεξαμειοῐο
991 1362 1181 1448 βούστασις

93 1471 121 1532 et
138 1464 329 1535 Scholiasta
350 1463 458 1532 addit·
490 1483 602 1556 ῳκησι
627 1461 759 1558 [thnr.
780 1466 826 1533 Μ.
848 1461 976 1556 ᾤκισε)
1008 1461 1046 1533 δὲ
1073 1461 1193 1559 αὐτὴν·
1317 1545 1321 1564 ⁸

93 1557 333 1655 Δεξαμενὸς
315 1589 335 1630 6
365 1556 586 1651 Κένταυρος,
618 1563 690 1633 duci
716 1559 755 1631 dd
784 1567 895 1632 αὐτοῦ
915 1561 960 1632 τὰ
980 1563 1180 1644 βουστάσια

93 1658 316 1752 6666666666·
351 1658 409 1732 διὸ
439 1669 496 1732 καὶ
526 1663 654 1751 Βοῦρα
685 1661 887 1756 ὠνομάσθη.
938 1666 1022 1734 Gud
1053 1669 1181 1740 Gellius

91 1763 173 1859 (1.6.
192 1789 224 1855 ιι.
245 1761 304 1857 6.)
323 1764 744 1855 biegaspeliavostiznam
769 1766 985 1855 proficiscens
1016 1777 1091 1856 post
1118 1774 1183 1840 iter

91 1866 215 1938 domm
236 1868 395 1941 berorum
414 1873 449 1934 et
468 1866 571 1934 ferme
591 1861 777 1934 dimidiatae
797 1865 841 1933 ad
861 1871 975 1968 ruinas
988 1867 1141 1940 Burae
1119 1893 1182 1942 ιιι-

92 1966 231 2062 66606
251 1969 375 2040 moon
388 1965 469 2034 Hor
489 1961 657 2056 11‚.cas]

146 2065 410 2158 oppidanum
429 2063 515 2133 idem
534 2071 663 2162 terrae,
683 2069 740 2152 qui
759 2068 899 2137 Helicen
919 2068 1052 2158 delevit,
1073 2023 1181 2142 motus

92 2169 387 2236 tmvohementer
406 2167 561 2253 perurit,
576 2155 646 2232 ut
634 2185 671 2245 ιιι
690 2167 819 2254 templis
839 2170 951 2256 prisca
972 2173 1080 2241 ommia
1099 2171 1182 2242 deo-
1209 2217 1216 2230 .

92 2287 153 2334 rum
169 2271 278 2359 sionna
298 2277 491 2334 corruerent
503 2266 847 2356 traugmenturque.
845 2266 1006 2338 civium·
985 2293 1007 2339 ιι
1020 2269 1182 2342 duntaxat

93 2369 197 2456 reliqui
222 2370 339 2455 inere,
368 2367 422 2454 ιι6
445 2368 530 2436 sorte
550 2367 607 2434 vel
627 2367 761 2456 militiae
781 2370 837 2439 vel
855 2373 985 2464 negotii
1005 2374 1190 2461 6666666-

94 2467 221 2540 obeundi
250 2486 376 2538 caussa
404 2463 498 2546 domo
527 2469 729 2554 obtulissent,
759 2475 858 2555 atque
886 2469 1055 2556 iiquidem
1074 2491 1203 2560 paene*
1304 2481 1310 2492 '

94 2573 230 2640 666666
261 2570 430 2639 civitatem
456 2570 643 2636 66666666
674 2565 749 2660 (Gi.
781 2565 814 2658 §-
839 2564 896 2660 b.)
942 2570 1053 2639 Burae
1079 2571 1182 2640 aedes

95 2678 157 2738 erat
174 2670 333 2758 Cereris,
362 2669 524 2758 Veneris,
551 2669 665 2738 Liberi
685 2669 798 2736 Patris
818 2677 853 2736 et
872 2671 1028 2740 Lucinae.
1070 2670 1183 2740 8666-

87 2767 175 2840 lacra
193 2773 314 2842 66666
333 2772 498 2838 numinum
515 2769 727 2838 e-Pentelico
744 2768 856 2857 lapide
873 2771 1088 2840 Atheniensis
1109 2774 1183 2840 Hu-

97 2869 190 2938 clidae
211 2890 326 2961 opera.
367 2871 492 2938 Habuit
513 2871 612 2938 etiam
630 2863 723 2937 Iovis
744 2869 905 2956 tempium.

167 2969 243 3052 Qua
266 2971 309 3038 66
328 2990 420 3038 mare
439 2969 653 3042 descenditur
673 2971 779 3050 amum
795 2977 848 3036 est
860 2971 1035 3060 Baeticus,
1057 2973 1112 3060 qui
1124 2993 1182 3040 re-
1202 2933 1205 2936 Ι

96 3064 1183 3191 terenteDodwellio(ss‚232it189J1pervellemdiegaspeliac

97 3167 127 3235 iu
134 3163 310 3251 Arcadia
337 3173 394 3244 ubi
415 3193 580 3258 ποτιιμος
600 3174 671 3236 τῶν
694 3165 943 3254 Καλαβριιτων
964 3171 1007 3238 66
1028 3175 1109 3240 urbe
1129 3175 1183 3242 vi-

99 3267 163 3336 cina
189 3272 374 3360 Calabryta
403 3277 552 3350 vocatur.
606 3268 698 3338 Idem
726 3273 894 3357 repetens
912 3294 944 3358 ιι.
973 3275 1045 3338 etl.
1076 3273 1183 3343 addit·

99 3365 349 3458 tingeremus,
363 3372 415 3444 st.
436 3369 618 3439 stidiistlicb
638 3389 706 3439 uon
718 3359 880 3454 Vostiuza
898 3372 983 3460 geht
1003 3392 1042 3443 er
1061 3375 1097 3442 in
1116 3374 1184 3447 den

98 3463 168 3534 lior.
187 3463 406 3538 Meerbusen.
421 3469 618 3565 (6666611
639 3471 661 3536 l.
675 3462 735 3561 6.)
776 3468 831 3536 Ad
852 3470 939 3537 hunc
959 3471 1088 3543 fluvium
1109 3483 1184 3549 mat
1265 3511 1268 3520 ·

98 3563 242 3638 Herculis
271 3572 430 3659 spelunca
451 3590 524 3638 cum
544 3571 678 3641 oraculo
700 3567 846 3636 ciusdem
865 3571 1019 3638 Herculis
1039 3573 1184 3664 Buraici,

100 3667 291 3757 eandemque
317 3678 411 3738 recta
438 3671 496 3738 via
515 3671 558 3738 ab
576 3669 697 3738 Helice
717 3668 842 3737 distare
862 3669 978 3736 stadiis
998 3673 1101 3742 ferme
1120 3679 1185 3744 tri-

99 3766 184 3850 ginta
203 3776 320 3836 uarrat
338 3771 541 3857 Pausanias,
562 3765 650 3838 made
671 3771 817 3856 seqnitur
836 3771 942 3856 ipsam
957 3790 1031 3838 eam
1043 3775 1086 3841 ab
1100 3775 1182 3844 urbe

98 3859 180 3932 Bura
198 3875 362 3950 remotam.
375 3867 734 3948 eseestadiisdecem·
754 3864 1011 3961 (66166661
1031 3871 1073 3940 de
1093 3875 1183 3943 Pou-

101 3969 242 4047 quevillio
259 3975 299 4045 ot
315 3962 499 4036 Hoduellio
519 3969 670 4046 iudicium
690 3968 785 4036 VHI.
803 3990 836 4055 ιι.
855 3965 1041 4060 ..4661)-

143 4067 225 4142 Ab
241 4069 390 4140 Hercule
410 4067 632 4138 discedentes
626 4071 796 4157 perennis
815 4086 922 4154 aquae
943 4072 1059 4138 duvios
1087 4076 1182 4140 exci-

100 4161 143 4244 lli
158 4169 379 4255 txArcndiae
399 4171 539 4236 monte
529 4191 569 4234 ιιι
574 4187 674 4245 ornare
695 4169 856 4259 deluens,
877 4189 996 4245 nomeu
1017 4178 1053 4238 66
1071 4175 1182 4258 monti,

100 4258 130 4326 iu
149 4269 317 4356 quotane,
330 4278 372 4340 et
386 4270 523 4355 bonoim,
541 4267 692 4354 Crathis,
711 4285 746 4336 6
755 4289 818 4355 quo
829 4269 951 4336 ltaliae
964 4271 1080 4339 fluvius
1095 4269 1181 4338 cra-

936 4373 984 4446 4*

1164 4013 1167 4018 ¹
1214 3951 1232 3991 1
