2842 4950
462 321 735 398 -271-·-

64 519 183 599 essem,
204 527 287 598 quae
308 515 385 578 acta
400 507 573 599 Philippus
592 509 635 576 od
654 529 736 596 suos
750 513 912 602 retulerit,
932 519 1039 586 minus
1052 537 1144 592 com-

65 619 178 702 pertum
207 617 268 680 cst
318 608 489 692 Quinctius
518 612 603 678 haec
633 612 745 679 retulit
778 609 821 678 ad
850 632 951 682 suos:
985 617 1142 690 Romanis

65 733 128 780 eum
155 711 273 780 cedere
301 717 378 780 tota
396 711 521 798 lllyrici
549 703 630 798 ora,
663 711 822 799 perfugas
850 716 1018 784 remittere
1044 738 1086 787 ac
1113 725 1144 790 si

64 815 240 899 quiessent
262 813 397 902 captivi,
418 811 532 878 Attalo
552 828 660 896 naues
681 816 714 878 ct
734 829 807 878 cmn
820 813 860 878 iis
875 822 989 903 captos
1002 821 1144 888 navales

62 913 173 1004 sociae,
206 911 344 980 Rhodiis
370 913 559 1000 regionem,
587 927 683 998 quam
709 912 870 982 Peraeam
895 925 1036 1006 vocant,
1065 923 1145 988 red-

62 1009 158 1104 dch
172 1014 272 1080 lasso
294 1018 327 1078 et
347 1011 517 1100 Bargyliis
539 1015 606 1078 non
628 1030 815 1104 cessurum,
844 1015 974 1082 Aetolis
995 1018 1145 1089 Pharsa-

7 1097 11 1104 ’
62 1112 118 1178 lum
124 1091 371 1204 'Larissamque
391 1109 549 1200 reddere,
571 1111 705 1178 Thebas
727 1132 792 1186 nou
813 1111 970 1206 reddere,
997 1109 1144 1190 Achaeis

61 1233 118 1280 uon
144 1205 252 1302 digis
278 1210 388 1300 modo,
424 1211 486 1278 sed
517 1213 615 1280 ctiam
643 1209 800 1280 Corintho
833 1231 1012 1282 cessurum.
1053 1221 1146 1290 Nulli

60 1315 186 1381 omnium
210 1313 344 1402 placere
370 1313 529 1400 partium,
557 1312 673 1399 quibus
702 1331 874 1401 cessurus,
902 1320 1046 1384 autnon
1067 1338 1145 1388 ces-

59 1433 144 1479 surus
171 1415 288 1500 esset,
319 1413 518 1505 destinatio,
551 1413 625 1500 plus
651 1414 737 1480 enim
764 1415 908 1480 amitti
896 1435 931 1480 m
955 1417 1016 1505 ile,
1050 1438 1145 1506 quam

59 1516 193 1607 acquni3
222 1531 287 1582 nec
309 1532 463 1600 unquam,
484 1515 549 1580 nisi
569 1520 638 1580 tcta
665 1511 858 1612 deduxisset
879 1513 1023 1586 Graecia
1042 1539 1145 1608 prae-
1186 1535 1188 1541 ’

61 1613 150 1698 sidia,
170 1634 313 1682 caussas
334 1617 544 1682 certaminum
564 1614 740 1702 deponere.

73 1721 81 1731 ’
133 1716 246 1784 'l'ertio
279 1713 333 1782 dle
368 1735 465 1802 quum
498 1713 540 1782 ad
570 1715 747 1783 Thronium
780 1717 1036 1806 convenissent,
1068 1721 1145 1806 quia

60 1811 154 1881 hiems
180 1814 328 1882 instabat
355 1813 399 1908 (ι.
419 1833 449 1881 e.
471 1817 643 1882 etiamnum
662 1817 761 1903 erat,
797 1816 906 1884 adlmc
934 1838 1002 1886 non
1022 1837 1145 1887 exces-

59 1911 181 2008 serat),
210 1915 347 1984 induciis
374 1913 517 1982 induas
544 1933 676 1981 menses
705 1913 809 2002 datis,
837 1917 990 2005 singudos
1016 1923 1146 1990 mittere

57 2011 183 2099 legatos
205 2014 249 2082 ad
269 2019 419 2082 senatum
439 2015 572 2102 placuit
614 2014 668 2080 Ab
689 2013 836 2080 Achaeis
856 2018 975 2082 missus
996 2025 1049 2086 est
1069 2019 1145 2087 Xe·
1251 2101 1256 2109 s

57 2115 182 2201 nophcn
203 2115 393 2204 Aegiensis.
434 2114 562 2180 Iniecta
583 2130 676 2200 pauc
701 2115 786 2202 regii
813 2130 835 2179 a
863 2123 982 2184 senatu
1010 2117 1145 2186 dimissi.

57 2209 203 2294 dometio
224 2207 361 2282 liberum
380 2214 548 2280 arbitrium
569 2213 661 2300 pacis
675 2229 717 2278 ac
731 2213 808 2279 belli
820 2216 1022 2306 permissum.
1052 2213 1146 2298 Quod

55 2319 84 2380 ut
104 2317 190 2382 satis
211 2313 383 2404 apparuit,
403 2333 471 2381 non
491 2311 628 2380 taedere
649 2311 726 2378 belli
746 2320 917 2404 senatum,
945 2323 979 2410 et
999 2320 1071 2406 ipsc
1091 2321 1146 2386 vi·

54 2417 196 2500 ctoriae,
232 2433 328 2501 quam
360 2415 453 2502 pacis
484 2411 630 2499 avidior,
663 2431 771 2499 neque
806 2415 998 2502 colloquium
1028 2425 1146 2506 postca

53 2513 198 2603 Philippo
220 2513 324 2597 dedit,
346 2532 453 2601 neque
474 2515 674 2602 legationem
694 2512 812 2601 aliam,
840 2534 935 2602 quam
957 2533 1041 2604 quac
1062 2521 1147 2594 omni

54 2611 195 2680 Graecia
216 2612 333 2682 decedi
353 2615 548 2700 nunciaret,
561 2613 776 2682 admissurum
790 2613 871 2682 dlxlt
890 2614 985 2708 (Liv
999 2621 1147 2706 XXXII,

54 2713 212 2782 84-88.
219 2713 637 2808 Polyb.xvl1,4-1a
673 2705 917 2801 appointed
942 2717 1017 2782 Ecl.
1041 2719 1072 2782 o.
1102 2715 1145 2784 dc

54 2809 98 2879 lm
126 2823 207 2882 at

98 2810 306 2979 gSl}
222 2911 261 2976 T.
290 2907 440 2992 Quinctio
477 2899 611 2979 mirifice
646 2913 771 2998 omnia
782 2931 826 2979 ex
855 2915 953 2981 animi
981 2916 1146 2982 sententia

54 3011 292 3104 succedebant,
318 3013 448 3078 fortuna
469 3010 596 3098 quidem
617 3015 688 3078 eius
720 3014 856 3078 consilia
884 3013 1039 3089 ιιοιιιιιιιιι
1050 3013 1146 3080 adiu-

56 3119 167 3200 vante,
197 3109 267 3193 sed
278 3111 376 3178 multo
397 3103 524 3199 magis,
546 3109 641 3206 quod
662 3113 832 3227 singulari
844 3111 1021 3202 prudentia
1038 3105 1161 3180 omnia
1270 3153 1273 3160 ,

55 3218 165 3280 essent
186 3210 261 3278 ab
251 3229 321 3297 ῳιο
342 3195 577 3278 administrata.
618 3209 706 3294 Nam
730 3212 757 3278 si
779 3213 851 3314 quis
872 3213 958 3279 alius
977 3213 1146 3282 Romano-

56 3329 121 3374 rum
146 3312 203 3377 hic
230 3311 377 3398 prolecto
402 3312 455 3376 vir
482 3308 624 3376 sollcrs
630 3319 703 3376 cum
729 3311 840 3397 primis
834 3293 946 3382 tut
969 3313 1016 3380 Et
1037 3319 1164 3379 tumen,

55 3406 177 3476 iuvenis
199 3407 371 3479 admodum
391 3414 482 3514 crat,
511 3429 578 3476 non
602 3401 705 3476 maior
734 3416 801 3476 aum
821 3427 981 3478 annorum
1000 3412 1148 3499 triginta,

55 3503 200 3597 idemque
230 3509 353 3596 primus
383 3488 602 3576 Romanorum
631 3525 704 3574 cum
733 3509 944 3578 exercituin
971 3506 1148 3601 Graeciam

56 3609 289 3678 traiecerat..

497 3793 501 3804 ,
569 3788 577 3806 .
607 3741 659 3806 to.

288 3856 341 3924 Da
359 3736 700 3944 Argiuo'rmpsauitate
721 3857 915 3964 deceptatio.

132 4007 303 4096 Philippus
324 4025 420 4094 quum
440 4005 513 4071 acic
541 4003 781 4072 decernendum
802 4001 933 4090 videret
952 4007 987 4070 et
1006 4003 1151 4090 undique,

55 4106 97 4173 ad
121 4127 162 4176 se
191 4105 436 4176 consulendus
462 4106 554 4172 vires
580 4103 795 4172 maximedc
825 4105 976 4203 Aclraiac
1004 4103 1147 4188 urbibus,
1175 4126 1178 4136 ·

55 4209 210 4303 regionis¹
223 4209 265 4276 ab
282 4227 325 4290 ‚se
344 4205 518 4294 diversae,
540 4212 575 4274 et
594 4206 703 4293 magis
723 4212 834 4274 tamen
852 4203 895 4272 de
909 4205 1032 4293 Argis,
1053 4219 1148 4289 quam
