2902 4956
15 425 17 488 t

489 309 790 382 ...ιιι...Ι

16 503 17 508 ‘
84 497 272 568 smenon
285 499 389 566 noto.
402 499 553 566 noan:
566 498 610 566 n.
624 501 676 566 oo.
690 509 762 588 sqq.
791 496 981 588 aeyrortuu
1000 483 1082 570 volo
1103 519 1186 572 oon-

15 570 17 646 *
84 603 288 699 iacturarum
308 600 497 666 meminisse
516 605 643 668 tantum
662 601 810 668 subiciat.

15 697 17 746 3
164 699 210 764 ln
241 697 340 766 bellis
366 703 478 764 anteon
508 703 624 766 contra
650 697 775 766 Persas
795 715 859 766 nec
881 717 953 764 oum
974 697 1121 768 Leonida
1141 701 1185 770 ad

16 863 17 872 ,
81 797 329 885 Thermopylas
363 799 542 866 consociati
570 817 678 884 neque
708 817 892 888 pugnarum
929 797 972 866 ad
1003 801 1184 891 Euboeam,

80 895 306 985 Salaminem,
333 899 491 964 Plataeas
519 899 697 986 participes
724 905 828 966 erant.
878 899 997 987 Neque
1018 905 1129 974 tamen
1148 905 1184 972 in

80 999 243 1066 Achaeos
269 999 359 1066 solos
386 997 474 1065 cadit
502 997 580 1064 illud
610 997 767 1068 desertae
797 998 1000 1068 Graecorum
1020 1001 1182 1072 libertatis

80 1101 304 1186 opprobrium,
325 1098 387 1166 sed
406 1101 440 1165 in
453 1099 565 1187 plures
578 1099 800 1188 Peloponnesi
812 1101 940 1170 incolas
955 1103 1182 1190 civitatesque,

81 1201 134 1284 qod
153 1200 283 1268 isthmo
304 1219 343 1266 se
364 1199 519 1266 defensos
540 1199 584 1266 ab
603 1199 699 1268 hoste
720 1203 868 1286 satisque
888 1207 977 1271 tutos
998 1203 1181 1290 opinaban-

80 1303 142 1362 tur.
158 1296 259 1388 Ι((44.
273 1297 396 1366 Herod.
411 1299 462 1387 Ν,
482 1301 534 1384 22.
556 1301 744 1366 lla-152.
765 1295 861 1392 202.)
910 1297 1014 1382 Quam
1043 1303 1083 1370 ob
1110 1322 1181 1371 rem

16 1421 17 1430 ι
80 1397 170 1464 nulla
183 1398 248 1465 ·vel
262 1400 302 1465 in
324 1399 591 1486 Atheniensium,
621 1401 679 1469 vel
704 1403 738 1468 in
757 1399 1091 1471 Lacedaemoniorum
1118 1401 1179 1470 de-

15 1522 17 1568 ι
80 1499 167 1564 lectu
187 1507 241 1566 est
253 1501 464 1568 Achaeorum
483 1500 573 1568 laeta
592 1501 722 1570 mentio.
765 1503 842 1568 Etsi
863 1500 906 1568 ad
919 1503 1076 1570 Plataeas
1097 1503 1179 1570 sub-

15 1650 16 1680 ,
80 1595 162 1663 sidia
193 1600 319 1667 misere?
347 1598 488 1668 Graecis
515 1597 679 1668 adversus
697 1599 925 1690 Mardonium,
953 1609 1080 1692 tamen,
1103 1605 1179 1690 quia

80 1719 144 1765 non
166 1706 332 1766 venerant
352 1701 386 1766 in
407 1707 570 1790 tempore,
591 1702 627 1769 in
640 1704 800 1772 communi
815 1701 1017 1770 Graecorum
1031 1699 1177 1791 donario,

78 1797 163 1884 quod
184 1795 357 1888 Olympiae
378 1798 562 1867 dedicatum
583 1807 653 1887 est,
683 1801 895 1870 Achaeorum
914 1805 1198 1890 uomeuceteris'

76 1901 177 1966 sociis
198 1921 267 1966 nou
285 1901 346 1966 buit
360 1900 558 1988 adscriptum
579 1901 701 1991 (Paos.
717 1901 794 1988 VH,
813 1905 928 1991 128).
959 1905 1031 1972 Eos
1044 1903 1175 1970 Pausa-

15 2055 17 2068 .
75 2002 147 2068 nias
168 2002 310 2088 patriam
331 2019 425 2066 mam
446 2019 592 2087 quosque
612 2003 713 2068 tutari
732 2003 879 2070 voluisse
897 2003 1072 2072 existimat.
1115 2001 1174 2069 Si·

74 2101 138 2168 mul
161 2102 262 2166 eum
280 2101 402 2168 Troica
417 2102 561 2170 notoria
581 2100 659 2170 elati
678 2101 970 2189 Lacedaemoniis,
1000 2101 1174 2190 Doriensi-

15 2259 16 2267 ,
73 2201 134 2267 bus
155 2203 321 2289 nimirum,
339 2221 382 2268 se
402 2220 523 2289 parere
542 2199 714 2290 indignum
734 2199 916 2290 docebant,
937 2199 1036 2288 idque
1056 2208 1173 2292 aperte

15 2359 16 2362 ,
72 2301 175 2391 longo
194 2307 273 2389 post
292 2309 443 2390 tempore
460 2300 684 2370 declararunt.

154 2401 249 2470 Bello
270 2402 551 2490 Peloponnesiaco
573 2400 790 2471 Pellenenses
811 2401 977 2470 intestinis
998 2359 1172 2470 discordiis

73 2503 193 2568 turbati
218 2503 282 2570 soli
307 2501 580 2572 Lacedaemoniis
609 2502 719 2576 statim
748 2520 840 2590 opem
868 2503 1014 2570 onerant
1043 2499 1170 2596 (NJlbuc

73 2596 201 2692 1211),
219 2603 478 2690 reliquiAabaei
497 2604 606 2670 neutri
627 2603 767 2689 partitum
785 2602 952 2670 favebant.
974 2599 1048 2690 (Cf.
1064 2603 1186 2672 Thus*

72 2702 290 2790 Ι,111.114ι
321 2703 428 2791 vul„
441 2708 472 2770 8.
492 2703 593 2774 Paos.
614 2701 696 2790 vll,
716 2705 756 2788 6,
776 2699 832 2786 8.)
875 2699 947 2769 Sub
966 2702 1066 2784 tinem
1086 2721 1169 2771 vero
1274 2743 1277 2754 ·

73 2803 152 2868 belli
177 2803 313 2871 Achaei·
332 2824 406 2872 eom
429 2803 689 2873 Atheniensibus
717 2802 840 2869 fecisse
868 2798 1167 2888 deprehenduntur.
1286 2863 1290 2880 ,
1434 2835 1435 2868 ι

71 2899 144 2996 (et
170 2898 631 2992 xen.lle1l1,a,1s]
645 2903 744 2982 Hanc
772 2902 1043 2978 obtrectationem
1068 2908 1168 2990 atque
1289 2939 1292 2948 .

74 3019 180 3069 rerum
206 3010 420 3070 externarum
445 3003 688 3103 negligentiam
714 3022 782 3071 non
809 3000 954 3069 defendit
980 3001 1085 3069 solum
1106 3001 1166 3070 sed

74 3105 170 3170 ιιιίιιιιι
189 3103 355 3174 collaudat
373 3105 586 3174 Kortuemius
597 3099 651 3218 (l.
678 3119 707 3168 0.
710 3125 764 3190 p.
789 3099 885 3194 142.)
907 3120 997 3169 vana
1018 3103 1073 3168 ille
1094 3105 1166 3190 qul-

72 3203 144 3270 dem
171 3223 280 3271 rarum
312 3206 517 3308 politicarum
542 3204 702 3290 opinione
730 3202 899 3291 deceptus.
930 3201 1008 3291 (Ol.
1023 3203 1165 3270 Dissert.

73 3322 174 3371 meam
193 3305 304 3373 bleber
317 3293 481 3394 Polybius
501 3302 661 3370 Darstell.
681 3301 743 3370 des
763 3305 849 3372 Acb.
870 3302 1037 3370 Boudes'
1026 3326 1060 3370 ιιι
1076 3303 1165 3372 Krit.

73 3401 572 3493 molsqpuudulletta.
597 3405 834 3492 pmsqq)
875 3400 1193 3492 lotercynmi

73 3507 168 3572 noris
184 3502 286 3571 duces
313 3506 461 3572 nominat
486 3503 677 3590 Xenophon
707 3504 831 3588 (Anab
851 3505 955 3591 l„
919 3507 938 3568 l
977 3505 1028 3580 11.
1057 3504 1079 3568 2
1086 3504 1163 3592 ,.8)
1283 3585 1286 3594 ¹

74 3597 241 3672 Socratem
260 3605 440 3674 Achaeum.
681 3665 684 3674 .

151 3702 274 3772 Seriori
300 3705 459 3794 deinceps
488 3711 637 3792 tempore
661 3720 759 3788 quum
775 3685 1033 3792 Epaminondas
1060 3703 1161 3775 Pelo·

73 3823 245 3892 ponnesum
265 3807 447 3874 invasisset
466 3803 596 3874 Achaei
616 3805 819 3870 necessitate
840 3805 947 3870 coacti
967 3805 1160 3871 societatem

75 3903 316 3972 cuml'bebanis
337 3906 489 3971 inierunt.
530 3900 603 3983 Quo
623 3903 710 3970 sooto
732 3904 879 3970 instituta
900 3921 1027 3990 quoque
1048 3921 1160 3970 eorum

74 4007 272 4072 commutavit
292 4006 434 4094 aliquam
453 4001 849 4094 partomnpminmats
872 4001 993 4071 tradito
1015 4004 1160 4071 civitatis

73 4103 223 4192 regmine
243 4103 398 4174 divitibus
417 4106 694 4194 principibusque,
715 4122 851 4192 quemn
864 4103 985 4174 ouxuio
999 4101 1157 4171 Achaeo-

73 4221 261 4295 runnnnp
286 4205 352 4276 sibi
381 4205 586 4292 subiecerat
630 4208 721 4280 ilinc
748 4207 851 4293 mur
881 4222 926 4275 ex
956 4201 1157 4275 demam
