2902 4956
542 297 934 432 ,4⁰-

194 533 195 536 ’
245 519 363 610 viginti
382 520 536 606 horarum
556 523 643 594 teste
662 518 852 608 Hohhousio
867 514 940 611 (in
959 514 1109 603 Journey
1128 515 1252 604 trough
1270 517 1352 584 ιιι·Δ

201 631 204 640 “
246 619 405 688 baniaT.
425 621 504 708 lp.
525 613 641 710 258),
646 619 799 707 triginta
819 617 914 683 trium
933 617 968 682 in
987 615 1138 690 Muelleri
1157 614 1238 684 Dor.
1257 613 1344 708 (Π,
1405 667 1410 678 .

245 714 357 810 4264)
377 719 525 786 Patrass
537 725 570 786 to
591 719 703 786 Polaio
718 719 848 786 Achaia
866 719 889 784 5
909 717 1009 784 hours
1028 717 1080 780 55.
1091 717 1241 808 minutos,
1254 715 1345 784 Me-

245 819 400 918 gaspelia
426 819 471 908 by
499 819 673 888 Kalabrita
699 823 733 884 to
761 818 881 887 Patras
908 815 1006 881 12ιι.
1033 815 1076 878 55
1100 834 1141 880 m.
1173 815 1345 880 referente

245 907 353 985 Gellio
372 915 466 1012 (hc.
487 941 530 1006 p.
528 921 588 984 25.
610 911 717 1008 18hJ3
740 913 917 1002 secundum
936 915 1088 1002 Peuting.
1109 913 1191 980 Tab.
1211 915 1254 979 85
1274 915 1345 980 mil.

244 1035 383 1105 geogr,
403 1019 446 1082 25
465 1017 529 1083 mil.
550 1033 671 1105 geogr.
693 1013 817 1082 distant
836 988 959 1082 Patrae
980 1015 1021 1080 ah
1035 1015 1145 1102 Aegio
1159 1011 1221 1106 (cf.
1236 1009 1346 1082 Sick-

245 1115 308 1181 leri
328 1115 456 1182 nachtr.
479 1117 573 1204 Αιιιιι.
595 1113 661 1181 und
680 1113 854 1180 Βειιοιιιόι
802 1120 862 1203 trg.
884 1135 927 1182 uu
945 1113 1064 1182 Dodw.
1085 1114 1187 1180 Reise
1207 1135 1239 1204 p.
1230 1107 1344 1203 ...le

226 1299 230 1308 .
246 1211 421 1282 Strabonis
437 1199 548 1282 aetate
565 1218 638 1282 erat
652 1206 753 1291 πόλις
774 1206 964 1299 ἀξιόλογος
977 1211 1179 1298 eandemque
1191 1211 1248 1278 illc
1260 1209 1346 1278 dicit
1438 1231 1439 1234 ¹

248 1308 326 1394 ι-’ξ
312 1306 405 1380 aurci
431 1306 551 1404 δήμων
578 1304 881 1402 συμιιολισθιῐσαν.
922 1314 1019 1380 Hauc
1040 1313 1152 1379 urbem
1172 1308 1346 1398 adipsum

246 1430 338 1481 mare
359 1418 561 1480 exstructam
581 1433 647 1481 nou
667 1413 769 1480 fuisse
788 1415 851 1480 viri
872 1410 995 1479 docti
984 1429 1048 1478 ram
1068 1412 1150 1478 locis
1171 1407 1347 1496 Thucydi·
1438 1457 1439 1490 3

246 1512 299 1579 us
319 1511 383 1608 (v,
396 1507 471 1603 oa.)
490 1519 525 1579 et
537 1513 706 1606 nunonem
725 1510 781 1606 (n
793 1533 827 1580 v.
840 1511 947 1578 meu.
962 1529 991 1576 ο.
1006 1505 1078 1604 ro)
1097 1511 1228 1598 pronun
1247 1509 1346 1607 reap-

247 1619 333 1680 runt.
374 1613 463 1680 Hinc
489 1612 575 1677 salsa
600 1618 654 1680 est
682 1619 716 1680 et
739 1612 907 1681 Mannerti
933 1617 968 1678 et
993 1611 1166 1698 Helvingii
1191 1609 1347 1678 narratio
1438 1627 1439 1706 3

246 1709 290 1779 de
310 1717 405 1802 portu
424 1729 492 1780 non
511 1705 634 1800 magno
654 1713 709 1779 illo
737 1711 864 1798 quidem
891 1708 952 1777 scd
977 1708 1132 1776 mediocri
1159 1713 1193 1775 et
1219 1728 1347 1796 oppor-
1438 1749 1439 1804 l

247 1816 327 1877 tuno
348 1817 475 1898 tamen,
496 1809 601 1877 altero
622 1810 860 1899 Thucydidem,
881 1808 1080 1896 Strabonem
1099 1828 1214 1875 morsus
1235 1807 1346 1874 altero
1438 1843 1439 1894 ι

247 1909 331 1978 salso
359 1912 608 1999 interpretante.
659 1911 854 1981 Manuertus
883 1912 967 1978 eninr
999 1910 1029 1975 si
1056 1905 1283 1995 Thucydidem
1311 1911 1347 1974 et
1438 1899 1439 1904 ’

247 2009 459 2079 Plutarchum
485 2011 686 2098 inspexisset
712 2013 914 2098 accuratius,
940 2009 1080 2077 vidisset
1104 1999 1251 2100 proiecto
1277 2025 1346 2074 non
1438 2059 1439 2094 3

122 2135 124 2140 ·
247 2111 353 2177 solum
373 2108 560 2178 Corinthios
582 2116 616 2178 et
636 2107 828 2200 Sicyonios,
856 2131 938 2200 quos
958 2108 1102 2176 nominat
1123 2105 1344 2195 Thucydides,
1438 2103 1439 2116 ¹

249 2211 418 2296 quominus
431 2213 521 2277 »muri
543 2209 804 2299 exstruerentur,
825 2211 1008 2296 obstitisse,
1029 2207 1090 2274 sed
1111 2227 1155 2274 ex
1175 2207 1346 2274 Plutarchi
1438 2211 1439 2274 l

249 2327 376 2395 quoque
389 2328 556 2396 sermone,
578 2328 673 2396 quem
685 2309 888 2378 Alcibiadem
910 2326 982 2374 cum
1002 2308 1129 2374 homine
1150 2307 1258 2393 aliquo
1281 2308 1345 2376 ha·-
1438 2377 1439 2400 3

248 2407 361 2474 huisse
389 2407 453 2473 hac
481 2405 586 2502 dere
611 2409 722 2498 lingit,
753 2429 835 2506 opus
859 2427 926 2474 non
951 2407 1130 2495 perlectum
1155 2425 1232 2486 esse
1260 2425 1345 2474 con·
1438 2421 1439 2428 ’

247 2505 375 2572 iectura
401 2515 492 2574 certe
518 2505 616 2573 obuia
642 2518 839 2594 assequutus
866 2513 966 2574 esset.
1008 2507 1207 2596 Helvhogius
1235 2514 1349 2588 auteur

249 2601 426 2687 Strabonis
451 2596 585 2672 verbis:
617 2602 686 2689 ἔχει
711 2599 749 2673 δι
777 2599 940 2695 beappo»
965 2602 1106 2699 μέτριον
1135 2609 1168 2682 in
1195 2627 1345 2674 errorem

247 2723 289 2772 se
309 2701 419 2772 induci
439 2723 561 2792 passus
582 2713 653 2794 est,
684 2703 780 2794 quum
799 2727 867 2774 non
888 2706 1075 2775 attenderet
1100 2705 1143 2772 ad
1164 2725 1206 2773 ea
1225 2707 1345 2794 verbo,
1438 2719 1439 2722 ’

248 2803 548 2891 quaeintermedia
567 2808 675 2895 posuit
694 2807 929 2896 geographus,
956 2825 1040 2894 quae
1060 2813 1170 2873 tamen
1192 2824 1258 2873 uon
1279 2823 1346 2873 va-

250 2903 322 2972 lent
341 2903 384 2972 de
404 2905 577 2972 Patrarum
599 2913 713 2995 portu,
745 2906 806 2975 sed
826 2907 868 2974 de
888 2908 983 2976 Rhio.
1014 2907 1345 2978 -Intervallumvero
1438 2951 1439 2954 =

248 3003 337 3068 inter
350 3003 459 3070 Pirum
478 3001 1345 3122 onnenetl’aoasDodw.(11,1.p.1la)ooeu·-
1438 3011 1439 3016 ’

251 3103 357 3168 ratius
378 3123 417 3169 se
437 3123 603 3172 emensum
625 3125 702 3176 esse
721 3107 909 3196 profitetur3
938 3105 1017 3174 dicit
1042 3109 1126 3173 enim
1151 3108 1254 3179 viam
1265 3124 1345 3174 esse

128 3199 130 3204 '
202 3221 204 3240 ¹
249 3207 402 3296 quattuor
431 3204 585 3290 horarum
619 3204 793 3274 deficiente
825 3207 925 3273 tertia
958 3207 1060 3296 horae
1090 3213 1206 3296 parta,
1242 3224 1344 3294 quae,

247 3309 402 3418 quantum
421 3323 495 3372 meo
515 3304 642 3392 quidem
661 3307 726 3382 fert
750 3307 874 3394 opinio,
902 3326 968 3372 non
994 3303 1184 3394 discrepant
1210 3325 1231 3372 a
1251 3305 1345 3372 Pau
1438 3347 1439 3356 ι

247 3403 364 3470 suniae
379 3406 549 3494 octoginta
562 3400 688 3494 stodiis,
709 3407 829 3495 viginti
847 3406 976 3472 scilicet
961 3406 1090 3472 bunius
1111 3407 1213 3474 horae
1234 3400 1345 3494 spatio
1438 3455 1439 3466 .

246 3504 397 3590 percurri
416 3524 516 3591 posse
537 3507 671 3592 quisque
690 3503 860 3574 concedet.
894 3503 1022 3574 Eodem
1042 3511 1178 3574 auctore
1196 3504 1345 3573 Glaucus

151 3619 153 3623 ·
248 3618 337 3668 nunc
362 3604 476 3670 Leuca
500 3611 639 3671 vocatur
658 3602 737 3720 (ll,
757 3607 789 3670 2.
810 3627 842 3694 p.
862 3601 990 3696 852J3
1002 3623 1024 3670 a
1050 3605 1159 3672 Patris
1186 3625 1268 3673 vero
1297 3604 1366 3687 ad,
1438 3677 1439 3688 ἶ

249 3699 409 3769 Glaucum
428 3704 524 3769 unius
545 3705 648 3772 horae
667 3706 756 3771 viam
776 3723 854 3772 esse
873 3703 1045 3771 deficiente
1073 3705 1204 3773 circiter
1224 3709 1344 3806 quarta
1438 3775 1439 3778 ,

249 3805 345 3885 parte
367 3799 494 3867 Gellius
514 3799 557 3896 (l.
580 3821 619 3870 c.
617 3827 661 3899 p.
681 3799 757 3896 25.)
777 3805 923 3884 affirmat.
974 3805 1209 3892 Inscriptioues
1229 3793 1343 3872 Patris
1367 3871 1369 3878 ,

248 3905 399 3986 repertas
414 3897 594 3967 Osannus
583 3923 617 3967 m
630 3896 773 3992 Sylloge
784 3902 1035 3992 Inscriptiouum
1055 3905 1216 3989 antiquar.
1231 3892 1343 3971 Grue-

249 4013 318 4064 car.
339 4004 373 4066 et
393 4001 540 4068 Latinar.
561 4003 725 4068 hascieul.
746 4003 813 4084 Vl.
826 4003 870 4070 N.
890 4005 942 4068 52.
962 4009 1014 4070 41.
1027 4005 1078 4069 42.
1091 4005 1143 4088 45.
1157 4006 1219 4068 44.
1231 4005 1341 4091 ollert3
1426 4049 1439 4064 .

247 4095 475 4166 Boeckhius
465 4120 500 4166 ιιι
529 4098 627 4188 Corp.
655 4102 809 4191 Inscript.
840 4103 999 4189 Graecam
1031 4077 1105 4168 Vol.
1133 4103 1163 4186 I.
1191 4081 1280 4168 Part.
1308 4104 1340 4166 4.
1404 4165 1407 4172 ,
1438 4113 1439 4124 ’

247 4194 293 4264 N.
320 4198 411 4266 1545.
439 4201 534 4268 loto.
558 4202 651 4282 1548.
680 4201 1357 4298 1552.,1555.15551555.1557.,1558.
1438 4243 1439 4300 ss
