2902 4956
516 341 925 420 ..45-.¹

118 538 231 605 iahula
250 537 309 604 illa
329 534 507 602 notissima
549 533 733 602 Pausanias
751 536 852 624 igitur
872 533 1031 603 eriurna
1054 531 1210 626 Drepana

118 637 296 728 distmguit
316 641 435 704 contra
453 632 627 702 strahoots
644 635 861 704 sententiaro.
901 637 1017 702 atauo
1043 638 1130 702 enirn
1155 639 1209 722 (ot

117 736 265 806 Phavor.
287 741 323 804 et
342 738 452 822 Rtym.
465 734 511 801 oi.
525 755 557 800 v.
572 739 606 800 ct
626 729 749 802 Siehel.
770 735 804 800 iu
823 733 953 800 Hellen.
973 755 1005 822 p.
1024 736 1111 818 226.)
1132 758 1198 803 κατ

111 833 251 926 ἐξοχὴν
271 839 319 903 ita
338 833 459 902 dictim
479 839 531 900 est
551 833 670 900 humile
687 833 837 900 Achaiae
856 837 1107 921 promontorium
1126 838 1211 906 inter

118 937 244 1004 Patras
266 943 301 1003 et
321 936 465 1023 Aegium
483 939 518 1000 et
537 934 714 1000 introrsum
732 933 826 1000 lalcis
845 934 881 1000 in
899 931 1027 1001 modum
1047 933 1211 1026 retexam,

118 1029 422 1119 unde-Aphcaoov
443 1033 787 1120 quoqueoppellatum
807 1039 876 1123 estp
905 1035 954 1100 sio
975 1031 1098 1102 Strabo
1118 1035 1210 1104 vttl.
1258 1028 1261 1034 ’

119 1159 151 1223 p.
173 1137 248 1201 aaa
262 1139 311 1199 et
337 1135 410 1198 887.
458 1134 506 1199 At
532 1129 659 1200 Gellius
679 1134 742 1198 128
761 1133 840 1200 miro.¹
858 1132 1048 1221 Drepanum
1068 1152 1090 1200 a
1108 1135 1211 1223 linio,

119 1233 331 1303 Dodwellius
349 1233 473 1298 zmdes
493 1239 678 1320 removent,
698 1249 805 1318 neque
824 1233 927 1320 longe
942 1239 1100 1302 remotum
1111 1235 1213 1303 fouisse

125 1353 147 1400 a
175 1333 298 1400 Boline
322 1327 464 1399 testatur
476 1377 478 1384 ,
491 1333 590 1397 etiam
617 1332 838 1420 Etymologus
857 1333 903 1402 it.
931 1331 995 1416 (ef.
1016 1333 1115 1400 Paos.
1136 1333 1212 1423 Vll,
1242 1391 1246 1397 ,

123 1435 181 1521 22,
201 1436 233 1498 t.
245 1435 312 1518 Ph,
329 1436 359 1496 4.
381 1431 466 1498 Gall.
479 1431 501 1496 l.
516 1449 544 1498 e.
565 1430 939 1520 p..o.·otuolt.·ltor.11,
958 1435 1045 1517 out.)
1065 1434 1221 1512 Alterum'

118 1551 204 1600 -vero
224 1533 477 1619 promontorium
493 1531 603 1598 Rhion
616 1548 645 1596 a
663 1531 774 1598 Patris
795 1531 881 1618 quod
893 1531 1061 1598 Pausania
1080 1539 1213 1602 auctore

116 1629 225 1698 vdistat
245 1632 483 1718 qunquaginta
502 1628 619 1696 stodiis
639 1629 736 1718 (vn,
751 1631 809 1720 22,
829 1635 892 1720 7.),
914 1629 1118 1702 aStrahone
1135 1639 1213 1700 ton·

124 1730 441 1818 tnmqnadraginta
468 1731 597 1817 ponitur
626 1729 741 1818 (vul,
770 1735 868 1811 387.)
909 1733 1088 1800 Reiereute
1108 1733 1213 1801 Gellio

124 1833 162 1910 (l.
184 1837 231 1910 c.)
262 1833 358 1896 onius
387 1830 489 1896 horae
516 1835 550 1896 et
577 1847 685 1917 paene
711 1829 896 1898 dimidiatae
915 1834 972 1900 vio
991 1839 1046 1900 est
1064 1851 1087 1898 a
1105 1833 1214 1902 Patris

124 1929 167 1996 ad
186 1932 323 2019 Rhium,
350 1929 435 2016 quod
455 1932 586 2018 propius
607 1929 737 1997 accedit
757 1930 800 1996 ad
830 1934 1067 2021 qninquaginta
1085 1933 1214 2002 Pausa-

123 2033 200 2098 niae
221 2031 341 2108 stadia,
361 2031 575 2116 Pouquevillii
596 2035 615 2095 l
637 2031 723 2098 liene
742 2033 826 2094 2225
846 2033 932 2116 tois„
952 2034 974 2094 o
994 2051 1035 2096 m.
1059 2053 1090 2118 p.
1110 2033 1212 2100 Plinii.
1291 2079 1293 2088 «

123 2129 309 2210 (Oillnell.
322 2129 401 2196 Dor.
412 2131 457 2217 Il,
467 2133 555 2208 oet.)
575 2129 630 2196 Ab
639 2129 818 2217 Antirrhio,
824 2130 977 2196 Aetoliae
986 2133 1213 2219 promontorio,

124 2237 282 2317 qumum
309 2227 411 2296 distet
436 2231 555 2295 Rhium
575 2228 759 2296 a‘diversis
779 2229 967 2296 auctoribus
982 2228 1214 2297 diversissimis
1284 2225 1287 2232 '

124 2333 255 2398 omniuo
275 2331 419 2395 numeris
439 2329 653 2418 significatur.
694 2326 817 2396 Strabo
839 2329 925 2396 enim
945 2330 1084 2416 quinque
1107 2327 1235 2402 cadro

122 2431 211 2497 inter
239 2436 409 2515 utrumque
436 2431 629 2520 interponit3
665 2428 874 2518 Thucydides
907 2436 942 2498 et
969 2431 1215 2520 Agathemems
1251 2421 1254 2426 ’

123 2536 252 2618 septem
282 2530 401 2610 (lhuc.
422 2531 578 2616 nstin),
598 2532 745 2596 noina-1
766 2551 808 2596 m.
828 2553 860 2618 p.
880 2530 1006 2598 Plinius
1025 2529 1107 2620 (IV,
1131 2533 1215 2619 52),

124 2628 240 2696 decem
268 2629 352 2697 stad.
374 2627 511 2717 Scylaro
539 2627 605 2710 (Ol.
632 2631 743 2698 Muell.
768 2630 850 2698 Dor.
870 2631 893 2694 l.
913 2648 943 2696 c.
964 2632 1019 2716 qui
1039 2627 1216 2696 doronchti

121 2728 349 2816 descriptione
368 2749 448 2796 usus
468 2735 523 2796 est
542 2731 578 2794 in
597 2731 736 2819 regione
756 2727 993 2817 depingenda)
1032 2728 1151 2796 Portus
1170 2729 1215 2796 ihi
1308 2777 1310 2784 -

125 2830 235 2895 nullus
255 2829 491 2918 navigantibus
510 2829 660 2917 praebuit
678 2831 866 2916 stationem⁷
887 2830 1006 2916 qnippe
1019 2843 1116 2914 quum
1124 2825 1215 2894 -vada

70 2969 73 2974 -
119 2929 274 3015 *syrtibus
301 2929 501 3016 collibusque
527 2931 639 2996 arenis
661 2929 887 3018 ¹exaggeratis
916 2933 1036 2994 nautas
1064 2926 1240 3006 deterre-¹

126 3033 211 3094 rent
273 3029 392 3116 Neque
415 3031 505 3096 -urbs
538 3031 582 3096 ihi
616 3032 683 3097 sita
717 3036 810 3118 erat,
841 3028 903 3097 sed
935 3028 1089 3116 templum
1112 3025 1215 3094 modo
1301 3073 1306 3088 ,
1435 3087 1436 3098 ,

126 3126 287 3215 Neptuni,
315 3131 406 3194 cuius
434 3127 644 3218 Thucydides
660 3131 740 3219 (Π,
767 3133 835 3208 84.)
861 3137 896 3198 et
915 3127 1038 3197 Stralm
1058 3128 1216 3194 memine-

72 3257 76 3266 ·
126 3226 535 3298 mancosorum-Ruit
553 3247 672 3296 nomen
691 3237 744 3296 est
757 3228 936 3297 Castellum
955 3229 1087 3314 horca.
1098 3228 1216 3293 Antir-

87 3377 89 3382 .
126 3325 190 3394 rhii
203 3343 292 3394 ¹voro
314 3326 493 3395 Castellum
512 3329 679 3416 Rumelia‚
708 3335 878 3415 utromque
906 3326 1140 3395 Dordooehao
1153 3327 1216 3393 mi-

126 3443 227 3493 nores
246 3434 462 3516 nuncupatur.
483 3427 549 3507 (et.
563 3429 728 3497 Mannert.
749 3427 842 3496 VEL
863 3451 895 3518 p.
914 3431 1003 3506 Μ)
1042 3426 1215 3512 Inscriptio

127 3523 161 3590 in
194 3521 354 3593 Castello·
373 3528 510 3599 storeae
543 3529 579 3592 iu
607 3530 825 3614 promontorio
852 3529 936 3595 Rhio
966 3530 1100 3614 reperta
1124 3522 1216 3612 apud

127 3622 330 3693 Boeckhium
352 3625 475 3716 -Corp.·¹
509 3628 663 3714 Inseript
697 3625 856 3714 Graecam
890 3625 965 3694 Vol.
998 3625 1151 3694 l.··1¹art
1183 3628 1215 3690 4.

149 3869 152 3874 ,
209 3821 392 3890 Panormus
420 3832 535 3913 portus
564 3845 584 3893 e
610 3827 761 3916 regione·
777 3827 941 3914 Naupacti
964 3828 1049 3893 situs
1069 3827 1143 3892 erat
1161 3830 1215 3890 te-
1335 3845 1363 3894 ,·

130 3925 240 3988 stante
259 3923 395 4010 Polybio
416 3925 478 4012 (V,
499 3928 602 4014 1⁰2),
629 3925 813 3993 Ilodwellio
834 3927 884 4012 (1,
905 3929 934 3989 1.
960 3947 992 4013 p.
1013 3927 1101 4002 m.)
1122 3940 1216 3988 nunc
1322 3931 1325 3941 '

130 4019 279 4088 Tekkies
300 4032 454 4090 uocatur.
502 4025 536 4090 Α
565 4026 728 4094 Panormo
755 4024 918 4092 meridiem
942 4043 1062 4091 versus
1091 4021 1217 4087 hmani

132 4118 425 4204 quindecimam·
437 4123 592 4192 Athenae
611 4126 710 4212 muri,
738 4121 893 4214 Ἀθηνᾶς
913 4117 1128 4207 καλούμενον
1150 4127 1215 4184 rot-

130 4237 206 4302 τοι,
235 4239 312 4309 quo·
326 4225 493 4347 pertinere
512 4228 608 4310 putat
623 4221 819 4294 stedeheim
839 4219 1002 4311 Stephani
1019 4219 1059 4284 B.
1086 4213 1214 4304 Τεῖχος,
