2902 4956
626 355 941 482 -12-2

188 553 191 562 Ι
236 564 322 670 hanc
340 600 375 666 in
394 613 464 666 rem
484 551 685 682 antiquorum
712 598 904 686 scriptorum
931 597 1032 666 libros
1056 606 1322 694 pernoctaverit,

236 701 309 768 sine
339 693 451 784 dubio,
481 696 559 762 licet
587 696 688 763 multa
702 699 883 765 ‘contraria
909 715 973 765 nec
1003 703 1232 782 convenientia
1258 705 1324 772 sihi
1444 691 1445 704 ¹

234 796 398 886 reperiat,
436 811 549 862 omnes
578 795 649 863 iere
679 801 832 864 auctores
864 817 904 866 eo
935 797 1173 888 deprehendet
1189 823 1324 890 operam

233 915 327 988 suam
355 896 523 982 conferre,
551 899 588 962 ut
614 894 657 961 ab
684 915 749 963 uno
780 897 932 985 genitore
961 917 1028 966 non
1055 902 1159 968 solum
1185 891 1323 990 gentem
1444 909 1445 984 J

231 996 396 1066 Graecam
424 993 605 1081 deducant,
633 1012 747 1062 verum
766 997 864 1063 etiem
883 1002 920 1064 ut
939 995 1165 1066 demonstrent
1184 1007 1322 1088 propter
1444 1005 1445 1040 l

232 1095 440 1187 cognationis
468 1091 548 1161 illud
576 1094 739 1162 vinculum
772 1095 923 1186 singulas
957 1098 1028 1162 eius
1063 1099 1184 1186 stirpes
1216 1099 1322 1166 nisse

229 1195 429 1264 cordunctas.
479 1193 598 1280 Neque
627 1193 732 1262 solum
761 1191 804 1262 de
834 1196 976 1264 vetustis
1007 1197 1204 1284 temporibus
1234 1188 1321 1266 haec

229 1297 358 1382 valent,
379 1289 441 1360 sed
460 1291 503 1360 de
523 1293 701 1361 serior-ibus
721 1293 820 1362 etiam
841 1313 936 1381 quum
955 1297 1154 1364 multaciam
1168 1296 1322 1378 conditae
1444 1339 1445 1362 ι

228 1399 345 1462 essent
365 1393 531 1480 coloniae,
559 1392 625 1460 hae
651 1397 687 1460 et
714 1411 786 1460 cum
813 1395 896 1462 urbe
919 1401 1043 1484 matre,
1071 1398 1119 1464 uti
1140 1395 1225 1464 Gela
1245 1403 1321 1464 cnm
1444 1393 1445 1470 ἐ

228 1494 439 1582 Agrigento,
466 1497 500 1560 et
518 1497 625 1560 mater
644 1491 724 1561 urbs
744 1510 817 1559 cum
838 1495 973 1562 coloniis
994 1513 1075 1562 suae
1097 1495 1262 1583 coloniae,
1283 1503 1322 1564 ut
1444 1509 1445 1570 3

227 1591 365 1663 Rhodus
396 1609 469 1660 cum
498 1591 709 1680 Agrigento,
739 1591 919 1660 Corinthus
950 1609 1023 1660 cum
1053 1593 1252 1682 Epidamno,
1284 1599 1320 1661 et
1444 1579 1445 1648 ἶ

100 1747 103 1753 .
226 1693 377 1762 coloniae
407 1687 553 1772 eiusdem
582 1690 690 1778 urhis,
721 1691 768 1758 uti
797 1709 961 1758 omnes‘a
988 1693 1126 1760 Milesiis
1157 1691 1319 1780 conditae,
1444 1693 1445 1788 ζ

226 1790 367 1879 denique
386 1791 487 1858 urbes
502 1794 630 1863 ,matres
651 1794 686 1858 et
705 1790 862 1877 coloniae,
884 1808 1019 1878 quarum
1030 1793 1159 1860 incolae
1172 1790 1318 1859 eiusdem
1444 1789 1445 1850 ξ

105 1912 110 1928 ²
225 1892 339 1981 gentis
359 1893 471 1977 erant,
497 1891 545 1986 uti
569 1889 721 1958 Leontini
748 1895 785 1956 et
808 1889 1051 1978 Athenienses,
1077 1897 1185 1958 mutuo
1206 1909 1319 1958 aurore

225 1993 312 2058 inter
342 2009 381 2058 se
409 1987 585 2057 densetae
615 1988 821 2056 tenebantur.
854 1985 926 2080 (Os.
958 1987 1139 2056 llrumanni
1169 1991 1234 2057 viri
1253 1991 1316 2056 cel.

224 2088 328 2158 Ideen
347 2110 409 2156 zur
429 2087 629 2158 (leschichte
648 2087 709 2156 des
729 2087 876 2155 Verialls
897 2085 1028 2185 tiriech.
1043 2086 1194 2158 straten.
1220 2090 1257 2155 P.
1271 2089 1317 2154 ll.
1444 2103 1445 2134 ι

226 2183 494 2281 ο.4.ρ.ὖθῒεᾳ.)
516 2189 727 2257 Achaeorum
740 2189 844 2277 igitur
856 2189 1130 2275 propinquitatem
1144 2191 1317 2264 cumloni-
1444 2227 1445 2286 l

224 2291 286 2358 uus
306 2295 393 2376 sunt,
414 2291 469 2376 qui
486 2287 589 2354 inisse
609 2293 766 2375 statuant,
788 2307 884 2372 quum
895 2287 1052 2354 Achaeos
1072 2289 1206 2355 lonicae
1225 2291 1317 2378 gen-

223 2389 268 2457 tis
289 2389 383 2476 quasi
402 2389 536 2488 stirpem
548 2386 719 2474 quandam
738 2402 815 2454 esse
835 2383 967 2473 dicam,
994 2391 1072 2452 sunt
1098 2405 1180 2454 vero
1192 2413 1195 2422 ’
1206 2390 1316 2477 etiam,
1444 2381 1445 2452 3

224 2489 279 2577 qui
297 2505 435 2576 prorsum
454 2492 611 2576 respuant
630 2493 730 2574 atque
748 2487 908 2554 reiiciant.
942 2483 1042 2554 euius
1058 2483 1186 2571 quidem
1199 2489 1314 2553 varie-

223 2588 301 2656 tatis
321 2585 596 2656 demonstrandae
616 2603 738 2654 caussa
758 2588 841 2661 satis
862 2586 968 2654 habeo
985 2582 1093 2653 drusii
1114 2591 1148 2654 et
1160 2585 1313 2656 Muelleri

221 2687 305 2758 locis
325 2687 390 2756 iam
409 2705 510 2777 supra
528 2683 671 2756 laudatis
691 2688 905 2756 auctoritates
930 2685 1089 2754 attulisse.

721 2851 820 2954 ee.

468 2977 632 3060 Aegialus.
656 2976 823 3060 Aegialeo.
847 2974 1063 3057 Aegialenaes.

303 3069 399 3157 llaec
418 3083 635 3178 degentibus
656 3089 832 3173 hucusque.
870 3089 941 3154 lam
961 3085 1005 3152 ad
1024 3091 1136 3152 terrae
1156 3085 1226 3152 eius
1246 3083 1310 3151 de-
1444 3063 1445 3128 ἶ

220 3189 431 3278 scriptionem
457 3185 667 3274 devenimus,
696 3203 848 3274 quorsum
871 3179 971 3256 Iones
991 3191 1026 3255 et
1044 3191 1161 3275 postea
1180 3185 1310 3252 Achaei
1444 3265 1445 3274 ἵ

220 3291 283 3358 iter
302 3287 484 3376 tetendisse
504 3283 801 3374 deprehendente.

12 3369 24 3375 ’
158 3448 161 3454 ,
303 3391 357 3459 Ac
376 3389 472 3478 regio
493 3385 621 3474 quidem
640 3388 698 3454 illa
717 3389 826 3474 prisco
847 3385 1130 3474 nomineAegialo
1148 3383 1311 3472 insignie-
1444 3369 1445 3430 ἶ

128 3529 130 3532 -
220 3491 318 3558 batur
338 3491 471 3575 eiusque
491 3487 620 3553 incolae
639 3487 864 3575 Aegialenses
884 3505 906 3553 a
926 3503 1011 3575 rege
1031 3483 1169 3571 quodam
1189 3483 1312 3570 Sicyo-
1444 3557 1445 3568 χ

219 3589 286 3675 ιιίο,
306 3593 342 3656 ut
360 3589 447 3656 iama
465 3587 783 3675 fert,cognominati
802 3594 888 3656 sunt.
918 3587 1102 3653 Pausanias
1115 3591 1224 3652 tamen
1237 3583 1311 3668 ipse

220 3683 328 3780 [We
354 3691 395 3776 l,
413 3680 467 3776 L]
496 3686 754 3756 verisimiliorem
784 3677 1015 3775 quodammodo
1045 3687 1169 3774 profert
1197 3687 1311 3748 terrae
1444 3735 1445 3764 ι

219 3787 390 3876 populique
421 3783 735 3876 denominationem„
765 3804 787 3853 a
816 3793 927 3854 terrae
956 3785 1084 3852 scilicet
1112 3781 1214 3868 ipsius
1246 3781 1313 3845 situ

220 3885 372 3974 petitam,
402 3900 487 3974 quae
505 3884 550 3952 ad
569 3885 661 3954 mare
680 3893 834 3976 porrecta
853 3905 972 3954 nomen
993 3879 1153 3970 αἰγιαλοῦ
1175 3875 1311 3944 uidetur

221 3983 398 4080 habuisse3
431 3985 518 4052 sicut
548 3978 657 4076 ἀκτή,
688 3987 821 4074 Argiva
849 3987 917 4052 ista
945 3982 1137 4074 peninsula,
1168 3979 1310 4046 obiitin
1444 4019 1445 4038 2

219 4078 373 4174 Ἀττικήν
393 4089 427 4154 et
439 4086 590 4154 Actaeae
610 4091 701 4154 rates
714 4087 908 4180 proAtticis
921 4085 1047 4152 ratibus
1059 4077 1147 4169 apud
1161 4075 1311 4146 Ovidium
1444 4131 1445 4146 ,

74 4227 77 4234 ·
187 4167 188 4172 ἵ
220 4183 258 4252 ἱιι
276 4183 411 4254 liernid
431 4187 496 4275 Ep.
515 4187 568 4274 11,
587 4187 619 4250 d.
639 4190 811 4274 ponuntur.
860 4186 962 4273 Atqui
981 4183 1145 4249 affinnare
1164 4176 1310 4266 proiecto
1444 4227 1445 4234 ,

138 4331 141 4337 -
222 4284 344 4374 ausim,
374 4284 461 4356 hanc
491 4286 661 4375 scriptoris
675 4345 677 4354 ,
691 4288 785 4373 qnasi
816 4287 1033 4354 coniecturam
1062 4281 1157 4348 unice
1187 4280 1311 4344 rectam
