2844 4952
427 355 797 442 ·-oaa-'

90 559 166 622 rant
184 555 234 622 ibi·
244 555 349 644 iegati
361 572 466 643 nuper
478 554 666 624 Heracleae
681 557 818 626 coneilio
831 555 1051 626 Romanorum
1072 521 1178 630 Acto-

66 657 274 742 horumque,
305 655 383 728 item
410 652 667 741 Byzantinorum
694 662 729 722 et
759 657 871 744 plures
902 659 956 727 atii
984 661 1019 726 in
1048 660 1178 747 publico

87 761 255 822 conuentu
287 754 506 848 congregati,
543 755 677 841 quorum
707 775 793 827 unus,
818 757 994 828 universae
1016 757 1179 829 Graeciae

86 857 219 922 uomicae
239 853 379 924 Aetolos
399 849 550 922 hortatus
570 861 640 940 cst,
670 860 707 922 ut
733 857 840 943 posito
860 857 968 948 bello,
995 858 1081 946 quod
1107 877 1180 926 cum
1291 857 1296 863 ’

85 955 235 1043 Phiiippo
255 955 456 1043 gerebatur,
477 971 593 1040 pacem
612 955 761 1024 iacerent
782 961 816 1022 et
829 973 850 1020 a
863 955 1083 1034 Romanorum
1096 977 1179 1038 cou-

86 1056 171 1120 siliis
198 1059 359 1125 caverent
388 1053 525 1146 (Polyb.
556 1058 619 1140 xi,
646 1055 754 1120 6-7.
794 1043 870 1124 Hoc
897 1059 1069 1126 concilium
1094 1058 1188 1127 falso

85 1157 291 1244 transposuit
311 1155 431 1223 Mauso
453 1155 597 1242 Aegium
616 1155 638 1220 1
661 1173 690 1222 c.
711 1155 763 1222 ΠΙ
770 1199 781 1241 ,
801 1158 832 1220 2.
847 1177 878 1243 p
892 1159 1000 1247 aun).
1020 1159 1096 1226 Rex
1107 1177 1180 1232 eum

86 1256 233 1344 benigno
254 1273 416 1344 responso
436 1255 569 1343 legatos
589 1253 729 1341 dimisit,
750 1273 789 1322 se
809 1274 926 1343 neque
932 1273 1086 1336 caussam
1108 1260 1178 1326 cius

84 1359 165 1424 belli
182 1357 319 1455 fuisse,
330 1375 394 1426 nec
413 1373 568 1442 moram,
582 1357 612 1422 si
638 1354 733 1424 modo
754 1373 861 1443 aequa
880 1361 915 1424 et
934 1358 1076 1426 honesta
1096 1376 1178 1426 con-

83 1449 207 1526 ditione
226 1458 343 1546 liceat,
364 1458 439 1544 paci
458 1457 628 1524 iacturum

166 1559 257 1630 Maio
276 1577 391 1628 meuse
410 1559 475 1622 2118
495 1575 526 1624 a.
541 1555 619 1626 Chr.
634 1564 822 1646 praeturam
835 1559 905 1628 iniit
919 1558 1007 1648 apud
1019 1507 1177 1637 Achaeos

84 1659 216 1746 Nicias,
236 1679 304 1730 non
325 1659 452 1726 electus
472 1656 530 1724 illc
551 1657 694 1746 quidem,
720 1666 755 1727 ut
775 1660 859 1728 ialso
880 1660 997 1728 scribit
1015 1659 1180 1747 Baycrus,

81 1761 115 1826 in
137 1779 178 1828 eo
202 1759 351 1846 concilio,
373 1757 416 1824 ad
437 1757 522 1846 quod
542 1759 710 1848 Philippus
732 1761 875 1858 Aegiruu
896 1779 935 1829 se
958 1761 1095 1850 recepit,
1116 1777 1179 1836 au-

82 1859 171 1948 dito,
192 1857 423 1928 Machanidam
445 1861 650 1945 recessisse,
678 1877 786 1946 neque
807 1877 849 1925 eo
870 1865 1020 1947 aestate,
1047 1877 1112 1946 qua
1124 1859 1182 1928 M

82 1963 199 2028 Livius
220 1960 313 2028 etc.
335 1958 492 2028 bromius
514 1955 609 2030 Coss
629 1960 740 2045 fuere,
758 1977 897 2045 quorum
920 1959 1135 2026 consulatus
1124 1979 1179 2024 m-

82 2059 194 2130 cidit
175 2082 217 2131 m
238 2079 361 2150 aunum
380 2063 451 2126 2117
463 2077 495 2126 a
517 2056 614 2145 (ihr,
634 2057 696 2126 sed
714 2059 760 2128 M
783 2057 922 2128 clauco
941 2058 1102 2127 Marcello
1123 2058 1177 2147 V,

83 2163 121 2227 Τ.
133 2158 298 2242 Quinctio
319 2141 471 2248 Crispino
493 2157 590 2228 coss
611 2157 708 2251 (Liv.
730 2162 927 2247 xxv111,e
949 2153 1052 2249 sqq..)

149 2264 281 2334 :Minius
302 2265 464 2348 (XXVIII,
485 2263 521 2349 7,
544 2262 725 2346 ldulss),
751 2261 846 2348 qui,
855 2277 951 2347 quum
972 2257 1177 2328 definiendo

83 2364 246 2432 Aetolico
258 2361 345 2430 bello
366 2369 550 2450 ageretur,
562 2363 737 2449 nuncium,
756 2361 996 2456 Machanidam⁴
1011 2359 1178 2449 olympio-

81 2486 152 2532 rum
174 2466 325 2532 solemne
342 2462 500 2530 ludicrum
525 2468 686 2550 parantes
714 2463 819 2531 Meos
845 2461 990 2554 aggredi
1010 2463 1179 2549 statuisse,
1290 2511 1310 2534 ι
1342 2487 1368 2534 z

81 2567 216 2634 allatum
249 2583 328 2633 esse
361 2569 494 2665 narrat,
524 2563 667 2652 follitum,
698 2569 743 2645 ,ut
771 2555 920 2652 saepius,
950 2563 994 2634 de
1021 2570 1177 2664 tempore.

81 2666 204 2752 Neque
222 2667 309 2733 hanc
330 2672 451 2735 contra
477 2665 708 2740 Machanidam
739 2664 978 2752 expeditionem
1004 2683 1064 2752 pro
1084 2665 1180 2737 ulos

82 2765 231 2852 suscepit
251 2765 433 2854 Philippus,
462 2769 517 2853 qui
545 2786 618 2834 mum
633 2765 791 2852 *Aetolim
819 2783 840 2831 a
868 2783 1003 2852 quorum
1028 2761 1177 2850 partibus
1315 2797 1318 2806 =

79 2871 257 2952 tyrannus.
274 2884 401 2952 quoque
435 2865 720 2934 Lacedaemonius
750 2864 856 2952 stetit,
890 2865 1054 2932 coniuncti
1082 2867 1180 2930 erant

78 2961 143 3056 (ci.
166 2963 281 3053 Pplyb.
302 2968 445 3052 IX,8⁰,
465 2969 496 3030 6.
517 2966 591 3033 Liv.
612 2968 745 3053 xxvii,
779 2967 840 3052 al,
860 2964 936 3052 a),
970 2963 1031 3034 sed
1058 2963 1178 3052 potius,

78 3071 115 3130 ut
137 3062 287 3149 ludmum
306 3063 500 3133 detenderet
518 3067 730 3138 securitatem
758 3065 916 3151 simulque
937 3061 1178 3152 Spartanorum

77 3165 174 3230 vires
186 3165 392 3253 infringeret
403 3165 538 3234 -Valent
552 3173 662 3234 tamen
676 3163 817 3253 quaede
831 3164 1033 3234 Machanido
1046 3164 1181 3251 sempsit

78 3264 208 3334 Manso
232 3264 278 3352 (1.
301 3266 423 3358 1.,1Ι1,
454 3269 484 3330 1.
505 3288 537 3354 p.
558 3268 630 3332 2711.
651 3265 695 3330 Ν.
718 3262 786 3352 i),
815 3265 904 3334 hunc
926 3284 1034 3352 neque
1062 3264 1177 3330 amicis

78 3381 190 3450 neque
210 3363 359 3432 hostibus
373 3367 581 3454 pepercisse.
628 3365 706 3431 Elei
734 3383 814 3432 vero
843 3361 1068 3448 videaturad
1097 3359 1180 3428 illud

77 3481 185 3548 usque
198 3491 202 3498 ·
217 3469 346 3551 tempus
373 3470 412 3531 nt
432 3465 605 3530 amicitiam
627 3481 699 3528 curn
720 3463 848 3530 Aetolis
869 3461 1111 3552 spartanisque
1130 3461 1178 3526 ita
1202 3505 1204 3513 2

76 3563 279 3640 inimicitiam
307 3565 342 3628 in
370 3563 534 3632 Achaeos·
558 3579 740 3651 regemque
770 3559 986 3629 Macedonum
1016 3559 1177 3630 occidtam
1217 3643 1220 3652 1

76 3663 260 3748 servasse,
280 3666 316 3730 ut
336 3661 547 3754 ambiguitate
574 3679 636 3728 sua
656 3661 869 3729 securitatem
889 3659 932 3726 ab
952 3660 1101 3747 ubisque
1118 3675 1177 3726 re-

77 3758 390 3848 dimereutpcaque
410 3780 449 3828 re
470 3760 642 3850 deceptum
661 3759 852 3848 Philippum.

162 3860 240 3928 Rex
271 3879 343 3928 cum
359 3859 527 3948 ,expedito
556 3863 689 3949 agmine
715 3860 883 3949 proiectus
910 3877 971 3948 per
996 3858 1178 3946 Boeotiam,

75 3958 242 4048 Megara,
263 3964 361 4046 atque
380 3957 458 4026 inde
479 3956 879 4049 Corinthumdesceuditq
906 3956 994 4025 unde
1009 3975 1177 4027 commea·
1235 4025 1237 4035 ,

75 4057 168 4126 tibus
196 4058 310 4126 sumtis
337 4055 492 4126 Phliunta
519 4057 752 4146 Pheneumque
779 4061 870 4147 petit.
911 4059 1049 4128 Mt'iam
1078 4074 1175 4143 quum
1235 4081 1237 4085 ·

76 4157 249 4226 Heraeam
269 4158 428 4245 venisset,
448 4154 569 4244 audito,
590 4155 821 4228 Machanidam
840 4157 927 4224 sama
947 4155 1110 4238 adventus
1123 4155 1175 4220 sui

75 4259 229 4326 territum
246 4257 416 4347 redigisse
444 4253 742 4346 Lacedaemonem,
773 4259 975 4348 rhegiense
996 4252 1039 4322 ad
1059 4252 1172 4329 conci-
