2864 4960
482 415 530 432 -
596 377 696 454 105.
725 334 780 430 '-

87 569 190 637 sib'-
212 573 311 656 utque
333 568 504 656 rationem,
514 586 610 655 quam
625 567 755 654 inierat,
774 567 1020 638 conturbaverit
1040 573 1076 638 et
1095 587 1177 636 con-

86 671 197 734 trariis
219 665 586 755 contradicentibusque
599 669 660 736 subi
674 666 800 734 iudiciis
813 666 856 736 de
873 667 1075 738 Graecorum
1095 687 1177 738 cou-

85 766 205 834 ditione
225 767 371 834 lectores
390 762 471 835 suos
492 767 719 835 obturbavcrit
735 773 833 854 atque
845 771 1058 860 perverterit3
1077 787 1178 856 prac-

86 869 198 934 sertim
219 888 316 954 quum
338 886 451 934 omnes
471 869 555 934 istas
575 866 864 957 contradictiones,
884 871 1124 958 repuguontias
1145 874 1179 935 ct

86 967 337 1035 reclamationes
366 968 453 1035 facili
480 968 616 1056 negotio
649 967 768 1034 tollere
795 985 837 1034 ac
867 965 981 1036 delere
1008 969 1178 1057 potuisset.

87 1062 195 1146 Quare
216 1064 544 1156 Schweighaeusero
565 1067 726 1156 opinionis
746 1083 836 1138 suae.
848 1069 971 1134 nullum
990 1074 1181 1134 manetur·

86 1173 285 1256 gumentum,
299 1185 384 1254 quoe
397 1167 723 1258 speciosioramagis
736 1183 834 1254 quam
852 1167 985 1234 veriora
1004 1168 1181 1256 protulisse

85 1265 125 1334 de
146 1261 348 1336 rehenditur.

124 1289 279 1436 Phocus
307 1374 416 1436 autem
441 1367 567 1455 Polybii
597 1367 652 1434 illc
681 1363 772 1460 (ill,
791 1359 861 1456 b),
896 1383 991 1454 quem
1016 1366 1088 1436 sinc
1115 1365 1182 1432 ulla

86 1470 306 1554 praetermisit
316 1467 616 1536 animadversione:
639 1464 794 1554 Ceterum
805 1465 1012 1556 indulgentia
1031 1465 1183 1534 fortunae

85 1586 165 1654 opus
193 1573 264 1652 cst,
290 1575 326 1634 ut
353 1567 397 1634 ad
427 1567 524 1634 linem
552 1587 657 1655 usque
685 1569 794 1655 operis
820 1568 966 1656 suscepti
995 1568 1067 1634 vito
1086 1565 1182 1636 nobis

84 1666 288 1766 suppeditct3
319 1674 570 1735 verumtamen
595 1669 625 1734 si
656 1667 732 1754 quid
752 1668 938 1736 humanitus
958 1666 1183 1738 nobisconti·
1319 1705 1325 1720 .

84 1769 193 1854 gerit,
225 1766 374 1856 equidem
401 1785 593 1856 persuasum
619 1768 727 1836 habeo
755 1789 823 1836 non
848 1770 1039 1856 neglectum
1058 1767 1098 1831 iri
1118 1765 1182 1832 boc

85 1874 333 1955 argumentum,
354 1886 418 1934 ncc
439 1866 959 1960 deluturosillivirosidoneo13
989 1869 1182 1954 scriptorem

85 1969 178 2034 nobis
198 1967 428 2056 grandaevum
454 1969 556 2036 luisse
576 1961 743 2057 depingit,
774 1989 871 2055 quum
898 1969 983 2036 baec
1008 1967 1182 2034 scriberet.

86 2067 265 2150 Corinthus
285 2075 394 2136 autcm
414 2067 525 2136 deleta
546 2073 599 2136 est
619 2070 662 2134 A.
678 2068 718 2136 U.
737 2072 812 2155 bbtl,
833 2088 895 2156 quo
916 2085 1005 2134 anuo
1024 2067 1182 2153 Polybius

86 2187 127 2234 cx
155 2167 346 2236 Casuuboni
376 2167 583 2257 computandi
612 2170 740 2238 ratione
775 2171 1020 2258 sexagesimum
1045 2167 1182 2254 primum

85 2275 206 2357 ageret
230 2272 350 2338 aetatis
376 2269 507 2336 annum.
548 2266 817 2359 sexagenarium
847 2267 988 2356 denique
1013 2271 1182 2334 auctorem

85 2371 212 2436 mimus
232 2369 276 2436 bd
296 2391 419 2438 morum
438 2377 618 2459 praecepta
644 2369 811 2438 fundenda
830 2367 1080 2459 ingerendaque
1101 2385 1181 2455 pro-

85 2469 195 2557 clivis,
224 2471 406 2558 garrulitas
427 2489 469 2538 ec
488 2473 686 2560 loquacitas,
717 2477 751 2540 et
770 2472 910 2539 molesta
929 2467 1096 2538 scribendi
1114 2485 1181 2560 ge-

85 2571 176 2636 neris
200 2571 369 2660 neglectio
396 2575 481 2640 satia
510 2574 702 2641 luculenter·
720 2577 894 2642 testantur.
945 2567 1039 2652 Quae
1066 2566 1183 2636 eudem

85 2669 141 2736 luit
172 2673 338 2738 sententia
366 2671 430 2739 viri
458 2673 552 2762 Itali,
581 2675 673 2741 cuius
699 2673 817 2744 librum
836 2671 1182 2759 Schweighaeusorus

87 2771 255 2858 cognitum
268 2769 663 2842 nonhabuissevidctur:
703 2774 869 2842 Nouvelle
883 2770 1084 2839 decouverlc
1097 2766 1182 2833 dans

86 2869 244 2938 l’bistoirc
264 2871 424 2941 litteraire
444 2894 502 2941 sur
521 2873 667 2962 Polybc,
693 2881 756 2963 pai
774 2873 840 2946 blr.
861 2869 1007 2955 (iaudio,
1035 2869 1183 2950 Docteur

87 2989 129 3036 en
155 2969 253 3038 Droit
278 2977 314 3040 et
341 2971 518 3058 qi-devant
548 2974 744 3044 Proiesseur
776 2973 820 3042 de
848 2974 884 3040 la
910 2971 1016 3040 mbmc
1041 2967 1182 3046 Pocultc
1256 3058 1267 3071 ι

86 3069 171 3142 dans
192 3070 394 3140 l'Acadcmic
414 3077 529 3162 roycle
549 3073 593 3143 dc
611 3077 761 3164 Naples,
780 3071 803 3142 d
821 3074 936 3143 Berlin
950 3075 1042 3140 ltus.
1056 3073 1087 3136 8.
1106 3068 1181 3164 (ct.

85 3171 223 3260 Dionys
244 3173 352 3365 lpalic.
373 3172 416 3242 de
437 3193 580 3265 compos
601 3178 733 3246 verbor.
753 3194 782 3244 c
803 3178 834 3240 b
855 3193 908 3265 ap.
929 3171 1125 3270 Schweigb.
1142 3170 1181 3236 Τ.

167 3374 222 3438 Ac
253 3371 600 3464 Schweighaeuserus
626 3376 755 3463 quidem
781 3377 854 3465 ipse
880 3378 977 3443 istam
998 3373 1182 3462 opinionem

85 3473 126 3539 de
146 3471 268 3560 duplici
293 3473 502 3542 historiarum
527 3476 656 3566 Polybii
681 3475 835 3565 editione,
856 3479 947 3542 cuius
967 3481 1078 3542 tamen
1098 3493 1181 3538 nus-

85 3591 181 3660 quam
207 3576 405 3642 mentionem
431 3577 555 3644 iaclam
581 3578 700 3666 reperi,
726 3579 823 3666 poulo
838 3576 969 3644 videtur
982 3577 1181 3661 immutasse,
1321 3617 1328 3640 .

85 3695 181 3760 quum
207 3675 241 3740 in
268 3677 359 3745 vitae
379 3676 506 3764 Polybii
534 3674 596 3771 (Τ.
617 3675 660 3742 V.
681 3699 713 3766 p.
734 3671 807 3768 14.)
833 3675 1054 3764 descriptione
1073 3673 1181 3742 dicat:

83 3775 164 3843 Post
187 3773 273 3841 haec
300 3773 439 3869 (merita
460 3779 493 3844 in
520 3777 657 3866 patriam
684 3782 760 3865 post
779 3772 940 3868 reditum)
972 3777 1181 3843 historiarum

85 3877 225 3964 spissum
245 3896 328 3964 opus
349 3879 414 3943 iam
433 3879 533 3946 multo
554 3884 634 3946 ante
653 3878 772 3966 partim
791 3881 1034 3965 praeparatum,
1062 3877 1181 3962 partin
1253 3885 1257 3890 '

85 3973 182 4042 ctiam
201 3977 346 4044 fortasse
362 3978 560 4066 inchoatum,
574 3979 719 4067 perfecit.
733 3977 848 4063 Polyb.
861 3979 923 4058 Ill,
939 3979 1031 4041 l—b.
1052 3971 1181 4064 Optime

84 4073 1187 4168 vcrobuiusvirisentcntiamreiutavcruntccnsorcdit.Schweig-

84 4173 196 4242 haeus.
210 4176 246 4242 in
258 4176 355 4244 Ncuc
370 4179 504 4267 allgem
517 4177 676 4245 Deutscll.
686 4178 771 4245 Bibl.
782 4178 821 4242 Τ.
835 4176 876 4242 V.
883 4199 915 4265 p.
924 4177 1057 4242 17-28.
1070 4181 1105 4241 ct
1116 4193 1181 4240 nu-

87 4276 224 4362 pcrrimc
245 4276 357 4346 Lucas
376 4279 399 4346 l
421 4297 450 4346 c.
471 4300 503 4366 p.
523 4279 582 4348 22..
597 4283 632 4346 et
650 4279 701 4344 Β.
722 4294 914 4365 quamquam
934 4276 1098 4365 posterior
1116 4291 1180 4342 uc-
