2844 4952
513 371 786 452 -235-

105 567 174 632 huit
203 565 316 632 urbem
342 551 527 652 Philippus,
555 563 721 654 Sulpicius
749 569 879 654 captam
897 559 1029 650 diripuit
1047 563 1218 633 meotes-¹

103 684 168 752 quc
190 661 346 732 vendidit.
386 661 468 732 Mox
487 669 599 734 tamen
617 684 679 754 per
698 665 878 756 Philippum
899 664 1039 734 hlrerata
1058 665 1194 731 incolis-

102 786 166 852 que
182 762 337 832 redemtis
351 768 404 834 est
421 763 575 836 restituta
593 763 706 848 (Paos
727 764 812 854 vn,
831 767 888 855 lt,
906 767 938 832 8.
958 763 1195 851 mnxffl,

100 859 194 955 τι.)

436 1139 439 1146 ’
461 1125 466 1132 ¹
499 1161 624 1235 (tanat
645 1177 800 1220 monum.

146 1299 180 1366 A
201 1301 305 1388 prima
324 1297 586 1388 Philopoemenis
605 1287 762 1388 praetura
782 1299 825 1376 nd
852 1301 891 1366 P.
912 1295 1055 1383 Quinctii
1075 1300 1155 1364 Pla·
1226 1261 1234 1326 .'

520 1401 632 1469 minimi
655 1417 782 1490 paoem.

187 1827 258 1892 lam
278 1821 322 1890 ad
350 1825 542 1914 principium
569 1843 678 1892 rernm
708 1816 1002 1914 aPhilopo'cmene
1027 1828 1200 1914 gestarum

103 1925 186 1992 ordo
218 1925 418 1992 narrationis
446 1944 509 1991 nos
539 1939 635 2012 quum
661 1923 873 2014 perduxerit,
907 1943 1029 2014 operae
1061 1925 1201 2014 pretium

102 2027 223 2094 iactari
242 2025 442 2114 videbimur,
472 2023 739 2114 quemadmodum
767 2025 903 2094 aliorum
928 2044 1123 2118 magnorum
1147 2021 1201 2093 ui-

103 2147 217 2196 rorum
236 2127 405 2218 ingenium
425 2132 525 2216 atque
545 2128 782 2198 institutionem
808 2126 985 2196 ostendere
1012 2128 1123 2196 conati
1142 2147 1201 2194 sn-

104 2247 196 2316 mne,
224 2228 254 2294 si
279 2228 323 2419 ir3
335 2226 399 2296 hoc
419 2245 547 2316 quoque
567 2229 640 2297 viro
660 2227 747 2298 idem
766 2231 974 2318 praestemus
994 2221 1132 2322 (Polyb.
1153 2223 1201 2312 X,

102 2331 165 2418 24,
188 2328 294 2392 1-lt
324 2373 332 2392 .

190 2453 424 2541 Philopoemen
450 2450 551 2542 igitur
581 2451 673 2522 claro
700 2473 833 2546 genere,
850 2461 961 2545 orins,
981 2493 1023 2508 -
1043 2451 1203 2542 siqnidem
1272 2467 1274 2472 ·

105 2555 178 2622 eins
214 2555 355 2622 maiores
387 2553 487 2622 totius
511 2551 680 2622 Arcadiae
705 2561 802 2627 erant
832 2557 1025 2642 clarissimi,
1046 2591 1089 2610 -
1114 2556 1203 2622 altus

104 2661 207 2742 atque
220 2655 388 2724 institutus
402 2657 455 2724 est
468 2651 663 2726 acleandro
677 2658 742 2734 (sic
752 2677 813 2746 pro
821 2655 1012 2734 Cassandro
1020 2654 1204 2735 Plutarchi)

103 2756 327 2842 Mantinensi,
347 2761 487 2846 paterno
507 2756 646 2846 hospite.
688 2757 790 2826 Pater
803 2759 875 2826 eim
889 2755 1036 2848 Grangis
1055 2758 1130 2846 (sic
1142 2774 1203 2842 pro

106 2853 272 2926 Grauside
297 2853 493 2946 Plutarchi)
526 2859 735 2946 praemature
771 2858 844 2926 vita
867 2857 999 2927 inmotus
1026 2862 1090 2926 est·
1139 2853 1204 2926 Ubi

104 2956 173 3024 ianr
185 2957 392 3044 pubertatem
402 2956 636 3046 Philopoemen
647 2958 771 3047 attigit,
790 2956 939 3028 Ecdelns
951 2955 1001 3051 (s
1016 2948 1206 3047 eodemus]

105 3063 142 3124 et
174 3055 407 3146 Demophaues
430 3052 481 3150 [s.
508 3056 795 3148 Megalophanes,
824 3059 865 3126 ct.
890 3055 1015 3128 Siebel.
1040 3055 1084 3126 od
1103 3056 1205 3126 Paus.
1349 3107 1352 3116 .

104 3155 213 3244 vm,
239 3160 291 3224 4⁰.
319 3156 434 3246 Polyb.
459 3157 497 3224 X
504 3157 641 3250 fido),
667 3159 957 3249 Megalopolitani,
984 3159 1206 3247 susceperunt

105 3273 223 3324 curam
248 3257 340 3346 eius,
372 3257 437 3326 viri
464 3263 499 3326 et
524 3258 751 3350 philosophiae
788 3260 988 3349 cognitione
981 3264 1044 3326 et
1075 3255 1204 3354 patriae

105 3373 223 3426 amore
242 3357 524 3446 praestantissimi.

193 3482 270 3550 linit
283 3447 516 3603 Philopoemen
529 3485 643 3571 specie
656 3483 891 3570 condeiornri,
913 3482 1205 3570 qmqnaanan·

107 3582 224 3651 santos
244 3575 287 3647 τὸ
309 3573 350 3646 de
368 3567 506 3658 εἶδος
484 3607 528 3671 pr
555 3585 622 3650 rori
642 3579 843 3670 προσώπου
864 3577 972 3661 κακὸς
997 3581 1132 3666 scribit,
1159 3576 1205 3695 id,

107 3683 144 3748 ni
163 3681 278 3766 fallor,
309 3699 353 3748 eu
380 3679 469 3750 dicto
493 3681 758 3772 Philopoemenis
778 3683 960 3774 colligens3
987 3687 1102 3750 statua
1118 3679 1206 3746 euim
1284 3721 1290 3733 ·

106 3780 250 3869 Delpln's
270 3798 357 3866 quae
375 3781 409 3848 ei
427 3780 536 3868 posito
555 3787 629 3849 erat
642 3801 743 3852 secus
754 3789 907 3852 toetatnr.
947 3780 1057 3850 llledro
1066 3797 1206 3870 corpore

105 3881 169 3946 fnit
189 3880 358 3966 gracilior.
399 3879 446 3946 Ar
466 3879 566 3946 insita
586 3882 618 3948 ei
636 3881 767 3952 amhitio
789 3880 877 3950 hand
898 3888 971 3950 erat
988 3881 1207 3968 undequaque

107 3979 287 4050 domemur
305 3998 328 4046 a
347 3978 538 4068 pervicacia
557 3997 624 4047 nee
641 3982 685 4050 ab
711 3981 884 4051 mnmndia
909 3982 1031 4070 lutera,
1057 3978 1121 4048 sed
1151 3978 1208 4066 qni

107 4077 263 4147 studeret
280 4079 427 4168 inprimis
453 4096 533 4146 esse
561 4079 811 4166 Epaminondae
830 4081 998 4168 oemnlirs,
1023 4077 1207 4148 strennuita-

65 4195 68 4204 ·
105 4183 178 4247 tem
188 4179 262 4248 eius
275 4177 525 4268 etprndentiarn
537 4174 1209 4266 atqueahstinentiamadivitiisegregic

106 4279 295 4371 expressim
314 4279 501 4372 merten,
520 4279 740 4371 muitum,
760 4273 1206 4352 hunanitatcmincivdilrus
