2902 4956
694 389 993 464 ...36-

215 637 218 646 .
291 542 407 668 neque
427 580 542 646 mirum
560 580 623 647 hoc
643 577 686 646 de
706 581 788 648 urbe
808 580 988 668 silentimn,
1016 597 1100 666 quae
1118 569 1259 670 propriis
1278 580 1415 668 opibus

300 681 359 746 vix
372 681 474 766 semel
487 679 636 747 bellicam
650 680 713 747 sibi
726 681 866 768 gloriam
888 696 1098 768 comparasse
1118 679 1235 746 dieitur
1256 683 1413 768 expulso

300 779 484 848 Cassandri
503 777 666 867 praesidio
687 777 800 858 (Diod.
821 775 891 844 Sic.
913 779 1019 865 XIX,
1039 781 1106 856 88.)
1128 789 1161 846 et
1182 779 1285 867 bello,
1307 777 1412 864 quod

298 879 481 967 Philippus,
507 879 664 945 Demetrii
683 879 786 965 lilius,
813 897 885 944 curn
905 879 1051 962 Achaeis
1071 881 1196 968 gessit,
1223 899 1286 964 quo
1307 879 1412 945 hanc

298 997 397 1047 unam
418 998 462 1046 ex
482 980 646 1066 omnibus,
674 997 759 1066 quae
779 979 926 1046 Achaeis
948 983 1120 1065 parerent,
1150 978 1283 1044 urbibus
1306 976 1411 1044 dicto

300 1078 485 1160 audientem
504 1078 617 1156 hahuit
637 1096 774 1164 eamque
795 1077 836 1143 ob
858 1096 927 1142 rem
947 1077 984 1142 P.
1006 1075 1169 1165 Sulpicius
1190 1076 1301 1144 Galba
1331 1081 1411 1154 (sic

299 1171 611 1267 θιιῑιιιὈλυμιτικός
630 1179 687 1244 vel
709 1172 932 1264 Οὐλυμπικός
945 1175 1125 1265 vulgatae,
1145 1169 1314 1256 Λούκιος,
1338 1181 1411 1244 sci.

249 1357 252 1366 .
298 1280 339 1350 1..
354 1274 524 1359 Quinctius
538 1279 749 1364 Flamininus,
771 1278 824 1363 qui
845 1277 928 1344 salso
949 1278 1082 1364 saepius
1096 1278 1275 1344 Flaminius
1297 1281 1411 1345 effer-

251 1429 254 1436 .
299 1384 380 1466 tur,
400 1378 523 1445 Kuhnii
547 1384 582 1445 et
609 1375 752 1445 Corsinii
777 1378 812 1454 in
839 1377 932 1442 Fast.
960 1377 1061 1456 Attio.
1090 1377 1133 1440 Τ..
1149 1378 1209 1442 ΠΙ.
1224 1396 1268 1464 ¹p.
1291 1381 1348 1442 12
1375 1385 1414 1444 et

300 1479 475 1567 Helvingii¹
497 1478 519 1542 Ι.
541 1496 570 1543 e.
596 1499 627 1564 p.
648 1479 701 1540 88.
729 1474 923 1543 emendandi
944 1479 1053 1563 sunt),
1080 1478 1300 1543 Romanorum
1320 1476 1411 1564 dux,

180 1570 183 1578 ’
299 1578 448 1666 Philippo
469 1579 557 1646 vieto
578 1575 634 1644 vel
654 1578 798 1666 repulso,
818 1578 909 1643 militi
921 1575 1050 1664 Dymen
1071 1576 1284 1664 diripiendam
1297 1577 1411 1645 dedit.

193 1715 196 1722 ·
301 1677 371 1762 (Oi.
389 1677 488 1746 Pana.
517 1679 598 1766 Vll,
626 1681 677 1756 11.
696 1679 778 1753 hiv.
809 1676 967 1761 XXVII,
995 1679 1047 1740 81.
1080 1676 1241 1762 XXXll,
1267 1681 1320 1764 18,
1350 1681 1408 1742 21.

249 1855 253 1862 ,
301 1777 554 1846 Drakenborch.
586 1777 629 1844 ad
648 1779 722 1845 Liv.
744 1776 869 1863 DIV,
890 1799 921 1864 p.
942 1779 1015 1840 848.
1047 1777 1189 1864 Appian.
1209 1776 1336 1863 ΙΧ,,2.
1362 1779 1408 1844 A.

302 1877 343 1946 U.
361 1876 404 1945 Ὀ.
424 1881 512 1963 548.)
532 1879 634 1945 Paulo
655 1884 734 1954 ante
755 1875 931 1944 Strabonis
952 1883 1095 1944 aetatem
1115 1878 1305 1964 Pompeius,
1340 1877 1408 1944 de-

303 1977 464 2066 ¹victorum
489 1979 669 2065 piratarum
696 1978 843 2044 colonias
864 1996 960 2062 quum
981 1978 1213 2064 constitueret,
1242 1995 1407 2066 magnam

257 2157 259 2160 ,
304 2097 416 2146 eorum
445 2085 573 2166 partem
603 2075 703 2146 Solos
733 2079 768 2144 in
799 2074 932 2166 Cilicia,
963 2077 1046 2143 alios
1063 2078 1250 2167 aliorsum,
1281 2079 1408 2144 multos

179 2203 183 2209 ·
256 2251 259 2259 ,
304 2180 403 2245 etiam
423 2177 554 2266 Dyman
574 2179 665 2246 abire
686 2179 794 2265 ibique
814 2179 966 2246 habitare
986 2179 1098 2266 iussit,
1130 2197 1193 2263 quo
1220 2178 1308 2258 facto
1341 2180 1407 2246 hoc

303 2277 454 2344 Achaiae
475 2277 625 2366 oppidmn
650 2296 757 2348 nouas
783 2277 890 2345 denuo
918 2279 1009 2344 vires
1036 2279 1165 2365 cepisse
1186 2297 1326 2364 cumque
1349 2299 1407 2345 re-

304 2395 377 2467 rum
397 2377 597 2464 publicarum
622 2379 734 2446 florem
753 2380 929 2444 retinuisse
955 2395 996 2443 ac
1018 2395 1239 2445 conservasse
1259 2378 1403 2466 videtur,

305 2473 412 2568 donce
432 2477 607 2566 Augustus
627 2478 843 2555 Patrensibus
863 2478 977 2544 urbem
997 2495 1068 2545 eum
1095 2495 1181 2568 agro
1206 2479 1404 2546 attribueret
1438 2469 1439 2476 Ι

302 2573 411 2670 (App.
432 2575 515 2643 Bell.
535 2577 679 2648 Mithrid.
701 2581 794 2644 aaa
814 2575 899 2644 Plut.
913 2579 1055 2667 Pompei.
1078 2573 1203 2670 ο...28)
1223 2581 1437 2668 Inscriptio

305 2692 359 2762 ap.
380 2675 528 2744 Boeckh.
554 2678 628 2745 Vol.
648 2679 675 2745 1.
701 2678 745 2743 N.
766 2680 860 2754 1548
889 2680 1034 2745 continet
1062 2681 1232 2767 epistolam
1257 2680 1301 2745 ad
1328 2681 1403 2768 Dy-

305 2793 420 2844 maeos
440 2777 550 2862 datam
570 2775 651 2866 aQ.
672 2778 776 2845 Fabio
795 2774 947 2858 blant).
968 2779 1007 2843 ΙΙ.
1028 2779 1239 2846 Proconsule.
1281 2781 1401 2868 Argu-

306 2881 487 2944 mentum'
476 2899 581 2966 ipsum
609 2877 725 2966 docet,
756 2897 825 2944 rem
845 2880 880 2944 in
900 2880 964 2946 hac
985 2881 1124 2994 epistola
1145 2884 1315 2946 narratam
1336 2899 1400 2945 non

305 2976 406 3064 multo
427 2983 503 3064 post
523 2977 679 3045 Achaeos
699 2977 875 3065 subactos,
905 2979 995 3046 his
985 2981 1066 3066 rpsis
1094 2977 1237 3046 nondum
1263 2999 1399 3067 prorsus

305 3057 433 3161 pacatis
467 3075 655 3144 88881888.-
697 3077 891 3158 Proconsuli
924 3076 1077 3150 delicbrm
1098 3076 1197 3165 -apud
1230 3075 1398 3166 Dymaeos

305 3175 511 3258 commissum
530 3175 715 3249 indicarent
734 3174 870 3263 synedri
885 3178 1020 3264 οἱπερὶ
1027 3171 1237 3257 Κυλλάνιον,
1254 3180 1429 3266 utellige

305 3253 467 3358 Cyllenen
494 3277 600 3344 Eleae
629 3284 757 3362 terrae,
787 3273 935 3362 Dymae
943 3277 1093 3342 vicinam.
1143 3199 1377 3344 nelrcbm
1337 3280 1428 3344 hoc

302 3369 380 3437 furit:
410 3393 528 3490 nempe
555 3375 690 3464 Dymae
709 3373 817 3442 Sosus
844 3392 917 3441 cum
943 3376 1084 3442 factione
1110 3375 1259 3464 publicas
1284 3379 1427 3445 literas
1425 3423 1426 3481 ,

304 3487 378 3538 cum
399 3475 497 3540 curiis
517 3475 668 3543 incendio
688 3473 902 3556 deleverat,
907 3480 944 3540 ut
967 3475 1188 3564 abrogaretur
1211 3478 1395 3564 respublica
1423 3509 1425 3568 y

303 3587 327 3636 a
346 3572 503 3646 Romans
525 3577 702 3642 constituta
723 3575 920 3661 (timueratia
939 3574 1038 3647 Paus.
1058 3575 1125 3650 vn
1130 3579 1262 3664 1,8,8.
1283 3575 1394 3664 Polyb
1421 3563 1424 3644 Ι

263 3744 265 3750 s
295 3669 480 3832 ΙΧΙι,8-
474 3677 573 3772 18.)
593 3681 628 3743 et
648 3693 721 3741 cum
741 3693 806 3742 uno
827 3692 871 3741 ex
891 3672 1069 3764 damiurgis
1089 3693 1196 3743 novas
1217 3677 1420 3764 scripserat

316 3785 410 3857 eges.
564 3839 566 3845 ,

384 3867 492 3939 Situm
521 3891 668 3960 quoque
680 3878 754 3940 erat
785 3875 820 3940 in
851 3889 936 3961 agro
967 3869 1186 3961 Dymaeorum
1216 3865 1390 3956 castellum,

199 4019 201 4024 .
302 3957 345 4058 ad
372 3955 590 4056 καλὸύμειοι
611 3962 886 4062 Ἑκατόμβαιον,
918 3972 974 4040 ubi
993 3989 1130 4060 magua
1127 3971 1234 4039 clade
1254 3991 1275 4038 a
1296 3971 1390 4042 Cleo·

297 4067 412 4154 mene,
432 4065 672 4156 §maenarum
692 4087 793 4159 rege,
814 4068 935 4160 adiecti
957 4077 1034 4136 sunt
1054 4070 1183 4136 Achaei
1179 4071 1330 4158 (.Polyb
1350 4067 1388 4152 ΙΙ,

163 4187 169 4194 ·
298 4165 352 4254 51,
365 4167 403 4244 8.,
415 4167 534 4235 Plut.
522 4187 558 4235 ιιι
578 4166 751 4246 Cleonae.
766 4166 866 4257 la),
869 4187 891 4235 a
911 4167 1019 4256 Dyme
1040 4184 1202 4257 oceasum,
1223 4169 1266 4235 ab
1280 4172 1388 4235 Araxo

299 4263 466 4339 meridiem
485 4284 606 4335 versus
625 4268 786 4338 Muellero
807 4274 978 4352 auctore?
995 4268 1191 4357 bangonem
1210 4267 1293 4338 uero
1312 4267 1383 4336 Plu-
