2864 4960
481 375 779 449 -137-

99 589 154 655 que
172 567 216 642 dli
234 565 355 636 tribuit.
397 561 519 630 Nomre
539 563 602 634 boc
623 563 730 632 altero
750 563 816 632 iam
836 567 987 655 exemplo
1000 566 1096 634 Arati
1115 565 1177 634 de-

96 673 283 744 monstratur
303 661 434 730 ambitio
455 669 554 750 atque
575 665 824 753 existimationis
851 664 1028 756 augendae
1047 667 1178 734 nimium

32 765 34 842 ἒ
95 758 250 834 studium?
272 765 364 832 cuius
383 764 570 852 insequenti
590 766 781 834 narratione
800 765 897 855 plura
917 784 996 854 sese
1015 767 1112 837 nobis
1126 766 1178 834 oi·

95 868 191 936 terent
210 865 415 934 doemnenta

164 962 225 1033 Ab
247 967 378 1055 Ergino
408 967 443 1030 et
462 961 579 1032 Diocle
605 969 706 1034 noctu
726 963 770 1032 ad
797 967 911 1036 urbem
931 985 1004 1034 cum
1023 967 1176 1036 militibus

94 1066 154 1131 sois
181 1063 341 1132 deductus
370 1083 482 1132 muros
509 1065 594 1130 clam
614 1062 787 1132 adsccndit
808 1083 913 1153 eoque
933 1065 1009 1136 dolo
1029 1087 1097 1138 non
1117 1085 1177 1136 so-

93 1164 148 1230 lon
166 1183 263 1256 arce,
295 1165 357 1232 sed
376 1163 448 1232 tota
469 1165 568 1230 etiam
592 1164 674 1230 mbo
702 1165 824 1252 potitus
845 1171 899 1232 est
924 1167 1051 1234 Aratum
1078 1172 1177 1240 nocte

92 1261 184 1351 pridie
202 1263 284 1332 Idus
304 1261 452 1332 Sextiles
472 1261 652 1330 secundnm
672 1261 901 1332 Dodwellium.
941 1267 998 1334 Ex
1012 1266 1176 1354 Antigoni

91 1361 214 1432 ducibus
227 1364 446 1450 Archelaum,
467 1365 522 1450 qui
542 1365 575 1430 in
596 1368 795 1452 potestatem
815 1380 909 1432 suam
924 1373 1075 1454 venerat,
1096 1366 1177 1433 mis-
1228 1421 1231 1428 .

92 1483 154 1528 snm
171 1463 273 1556 iecit3
301 1463 563 1551 Theophrastum
590 1461 755 1532 excedere
783 1464 865 1532 urbe
892 1471 1102 1543 recusantem
1122 1466 1176 1532 in-

92 1564 222 1654 teriecit3
252 1563 441 1650 Persaeus,
468 1561 698 1650 philosophus,
728 1579 824 1649 quem
838 1564 916 1632 *arci
936 1569 1175 1652 praeposuerat

91 1665 269 1754 Antigonus
293 1659 447 1756 (Aetion.
472 1662 544 1751 IX,
575 1665 627 1726 bd
669 1661 793 1732 Athen.
813 1660 864 1730 IV
872 1708 883 1752 ‚
910 1685 943 1752 p.
973 1666 1045 1730 1ca
1087 1663 1173 1730 Plut.

91 1763 362 1854 apophthegm),
383 1761 459 1830 dum
479 1763 731 1852 oppugnabatur
751 1780 835 1852 arx,
855 1765 965 1831 evasit
979 1761 1173 1855 Cenchreas
1314 1779 1323 1794 '

88 1861 270 1950 Plutarcho,
291 1881 408 1930 uerum
426 1863 593 1930 Pausania
612 1869 749 1932 auctore
767 1860 844 1958 (Π,
865 1869 903 1952 8,
923 1858 978 1955 4.)
1007 1864 1062 1930 bic
1089 1882 1173 1951 quo·

87 1981 141 2048 que
158 1965 291 2032 occisus
311 1969 374 2030 est.
415 1961 545 2030 Deinde
572 1963 707 2030 Iunonis
733 1963 831 2028 etiam
860 1964 1015 2051 templum
1042 1970 1076 2032 ct
1103 1965 1173 2032 uc-

87 2061 209 2132 ubaeum
227 2069 361 2155 portum
380 2065 415 2130 in
435 2069 632 2153 potestatem
653 2079 746 2128 suam
767 2060 917 2150 redegit,
937 2081 1044 2140 noves
1054 2063 1172 2132 Mace-
1221 2147 1223 2151 ι

85 2158 190 2230 donum
208 2165 335 2254 viginti
355 2167 496 2250 quinque
517 2167 552 2229 et
572 2163 773 2250 qmngentos
793 2163 923 2246 equites
944 2164 1042 2252 cepit,
1063 2160 1172 2250 Syros
1291 2199 1295 2216 ›

86 2262 335 2356 quodnngentos
364 2263 426 2330 sub
454 2259 738 2336 lascaverunt
790 2261 1033 2330 Acrocorintho
1063 2269 1172 2330 autem

86 2362 200 2432 Achaei
218 2361 421 2454 praesidinm
448 2364 673 2452 imposuerunt
707 2359 1024 2451 quadringentorum
1059 2379 1171 2444 arma<

86 2463 192 2552 torum,
212 2455 454 2554 qninquaginta
474 2470 669 2532 venatorum
689 2461 888 2550 totidemque
909 2481 1035 2532 canuno
1222 2459 1224 2464 ’

154 2563 236 2634 Tum
257 2565 365 2634 suasit
385 2562 579 2651 Corinthiis,
599 2563 715 2650 quibus
735 2563 831 2630 simul
852 2569 1021 2650 portarum
1042 2564 1170 2651 claves,

84 2679 158 2745 quac
174 2670 242 2732 tum
264 2666 442 2752 primum-a
454 2664 594 2753 Philippi
613 2663 813 2751 temporibus
834 2664 868 2728 in
889 2682 1001 2730 eornm
1017 2670 1170 2751 potesta-

84 2764 138 2828 tem
155 2770 338 2851 venerunt,
358 2761 508 2850 reddidit,
530 2770 566 2829 ut
588 2762 797 2830 Achaeorum
818 2765 949 2848 corpori
969 2781 1048 2830 sese
1061 2763 1169 2850 appli-

83 2870 201 2952 carent,
231 2883 341 2952 neque
366 2863 432 2930 hac
452 2883 491 2935 re
511 2883 571 2932 eos
591 2863 647 2930 vel
668 2862 826 2928 Achaeos
847 2861 951 2928 solum
971 2877 1094 2950 magno
1116 2862 1169 2928 in·

82 2965 187 3032 struxit
216 2964 393 3052 beneficio,
422 2963 483 3032 sed
510 2971 612 3034 totam
640 2980 749 3052 paene
770 2961 945 3028 Graeciam
966 2979 987 3026 a
1007 2959 1169 3030 Macedo-

68 3078 146 3138 num
174 3064 344 3134 dominatu
369 3066 532 3134 liberavit.
589 3064 805 3153 Expuguotio
838 3063 925 3130 enim
953 3062 1048 3130 huius
1078 3063 1169 3130 urbis

81 3165 154 3231 tanti
171 3167 231 3234 tuit
253 3166 424 3252 momenti,
445 3172 482 3232 ut
501 3165 701 3232 Plutarchus
722 3181 796 3230 eam
816 3182 884 3230 non
904 3163 1010 3230 solum
1028 3179 1167 3252 germa-
1243 3209 1251 3231 .

82 3279 146 3330 nan
170 3267 332 3334 victoriae
362 3263 541 3352 Pelopidae
570 3265 627 3332 vel
653 3263 867 3350 Thrasybuli,
895 3261 956 3330 sed
985 3264 1083 3330 etiam
1104 3281 1168 3328 ex-

81 3363 204 3432 trenum
235 3363 440 3441 ,Graecorum
460 3366 633 3453 praeclare
659 3363 782 3430 iactum
809 3361 931 3446 iudicet
960 3369 995 3428 ct
1027 3363 1168 3428 Aratum

80 3465 162 3544 masi
181 3465 327 3532 ultimum
346 3466 433 3532 inter
454 3463 606 3533 Graecos
625 3469 810 3554 nuncupet,
846 3481 943 3550 qnam
962 3467 1074 3528 tamen
1090 3459 1166 3540 ¹lto-

79 3563 148 3628 uani
165 3555 426 3654 Philopoemen,
447 3565 661 3635 admiratione
683 3567 755 3633 eius
775 3563 880 3651 ducti,
894 3562 1068 3632 tribuerint
1088 3561 1164 3627 lan·
1305 3595 1308 3600 ·

79 3655 143 3728 dem
166 3662 285 3760 (Aret
308 3685 337 3732 c
359 3670 410 3732 lc
430 3668 482 3732 24.
521 3667 621 3734 Pane
642 3663 746 3754 Vlll,
773 3665 886 3752 o1,a
913 3663 988 3730 liv.
1009 3659 1162 3746 XXXV,

79 3759 123 3824 28.
142 3761 332 3856 XXXVII,
358 3761 441 3858 ab.)

78 3943 267 4014 Acbaeoracn
279 3953 434 4018 endalatio
447 3846 795 4036 amremdbrddragtdc,
817 3949 1046 4037 &mononem
1062 3953 1160 4036 regio,

114 4051 329 4135 copaditr'oaaa
367 4052 469 4116 Arati
484 4052 684 4116 Athenarum
704 4052 929 4138 capiendam
949 4051 1120 4131 evoma·
1154 4111 1158 4127 .

152 4159 269 4235 Statim
298 4171 375 4255 post
400 4166 675 4240 Acrocorinthum
701 4167 918 4256 interceptam
937 4166 1160 4254 Megarenses

78 4253 289 4360 &Antigono
298 4266 510 4342 desciverunt
525 4273 561 4338 et
580 4266 854 4341 cum'lrceueniis
863 4273 899 4336 ct
906 4261 1095 4354 Epidauria
1105 4261 1160 4333 in·
