2902 4956
664 403 713 420 ...-
788 369 843 446 53
911 382 959 422 .¹.
1083 371 1086 382 '

262 569 449 655 postremus
469 565 503 629 in
524 558 716 650 Sicyonium
735 579 828 630 mere
848 559 1003 630 decurrit.
1042 561 1161 631 Dictus
1183 561 1270 631 idem
1297 565 1362 632 lu-

263 665 338 733 vius
367 663 447 751 Syn
477 660 551 751 (cf.
582 658 696 728 Struit.
727 660 829 750 VIII,
855 663 886 727 2.
914 683 947 750 p.
968 663 1040 726 141.
1060 661 1196 730 Ptolem
1217 664 1363 751 111,1e

261 765 362 838 Pnus.
392 765 443 850 Π,
472 765 512 850 2,
544 765 574 826 1.
601 759 725 829 Siebel.
752 759 797 828 nd
824 761 923 830 Peus.
950 759 1034 847 VII,
1055 763 1108 828 et.
1139 762 1265 852 Sumpi.
1286 764 1309 830 l.
1332 782 1365 830 e.

261 888 294 955 p.
315 866 367 930 86.
384 859 481 953 sqq.)
522 862 663 929 nemsi
684 863 843 929 extremis
856 861 995 952 Gomphi
1014 859 1057 928 de
1077 862 1142 930 hoe
1161 863 1258 932 fluvio
1280 881 1365 932 rer-

262 967 313 1034 bis
341 963 417 1054 quii
445 963 637 1031 obmoveam
663 981 730 1030 non
760 962 919 1049 habeam,
949 965 1101 1050 quonium
1121 961 1287 1032 derebus
1306 965 1365 1031 in-
1434 971 1435 974 ’

263 1066 364 1134 ontis
385 1070 420 1132 et
439 1066 474 1130 in
494 1063 685 1131 coniectura
703 1067 831 1130 tentum
850 1063 967 1152 positis
987 1061 1117 1130 dubium
1143 1083 1277 1153 semper
1303 1083 1365 1132 re-

261 1165 423 1252 monent,
444 1171 555 1231 tomen
575 1164 677 1229 miuns
698 1165 828 1231 omnino
849 1164 976 1230 mustra
995 1165 1119 1232 eivinne
1144 1183 1218 1232 eum
1246 1166 1365 1234 tulius

262 1267 415 1336 existimo
434 1263 477 1331 de
498 1261 607 1352 Sythn
628 1266 663 1330 in
684 1263 833 1332 confiniis
853 1264 1005 1334 Aeheiee
1024 1270 1060 1331 et
1080 1264 1259 1352 Sonouine
1279 1285 1365 1352 pru-
1395 1268 1402 1276 '

261 1365 400 1452 tinente,
422 1381 526 1451 eques
546 1365 581 1432 in
601 1381 693 1430 mero
713 1362 906 1452 Sicyonium
926 1361 1129 1451 muniente,
1156 1381 1220 1430 nee
1249 1369 1365 1432 tumen
1435 1443 1436 1462 ,

261 1463 468 1553 Sicyonium,
489 1462 550 1530 sed
569 1464 751 1530 Aehuieum
770 1469 967 1552 nuncupato.
1008 1465 1131 1532 Nonne
1150 1461 1288 1553 perinde
1309 1469 1366 1530 est
1435 1475 1436 1524 i

261 1565 392 1631 fluvium
411 1565 446 1630 in
468 1563 615 1639 confiniis
636 1570 800 1630 terrerum
817 1563 955 1632 (luorum
977 1565 1041 1630 iter
1062 1575 1156 1632 onum
1173 1581 1265 1630 mere
1279 1581 1365 1629 ver-

262 1685 321 1730 sus
341 1670 509 1732 tenentem
528 1665 570 1732 eb
592 1665 657 1732 ino
677 1667 751 1732 sive
771 1655 815 1732 eb
835 1665 893 1730 iilo
911 1656 1088 1738 nomines?
1123 1682 1235 1730 nonne
1255 1664 1366 1750 potior

166 1821 167 1824 ,
261 1770 336 1832 eret
363 1765 514 1852 thoin,
549 1766 602 1856 eui
632 1761 708 1830 inde
738 1763 782 1831 eh
812 1766 911 1832 Arati
940 1764 1142 1853 temporibus
1170 1761 1367 1850 Son'oninm

263 1883 391 1951 quoque
417 1863 581 1931 addietum
607 1866 777 1952 novimus,
804 1866 852 1933 itu
880 1872 917 1932 ut
944 1865 1062 1932 iuvius
1089 1883 1111 1931 u
1135 1865 1366 1931 maieritum

261 1983 381 2032 nomen
407 1965 556 2032 traxisse
581 1957 765 2032 videntur?
801 1984 914 2035 nonne
933 1964 1074 2052 denique
1093 1965 1208 2030 mitum
1228 1982 1249 2030 u
1270 1966 1367 2050 meri,
1436 1962 1437 2036 ἶ

259 2065 295 2132 in
316 2063 402 2152 quod
423 2068 511 2153 exit,
532 2067 663 2138 lovium
684 2068 846 2136 nominari
860 2057 980 2136 velle‘l
1002 2062 1107 2146 Quem
1120 2065 1246 2138 obrem
1259 2067 1366 2153 probo
1436 2063 1437 2066 ’

261 2165 411 2252 equidem
430 2164 598 2234 Siehelisii
626 2171 847 2238 oonieeturnm
867 2161 1074 2256 Sythnmque
1102 2184 1176 2232 eum
1194 2165 1367 2233 Puusnniu

117 2279 121 2288 ·
260 2267 296 2332 in
317 2268 466 2335 oonhniis
486 2269 639 2335 thoine
659 2275 694 2335 et
714 2265 895 2357 Sioyonine
915 2267 1111 2356 profluxisse
1131 2265 1283 2334 arbitror.

296 2377 298 2383 '
344 2367 460 2457 Peg-us
480 2374 563 2436 vero
583 2370 641 2435 ille
659 2367 860 2435 Pellenoeus
880 2365 1019 2454 (Strnh
1041 2364 1141 2452 VIII,
1161 2369 1193 2432 t.
1211 2389 1242 2455 p.
1263 2368 1365 2453 m)

260 2485 380 2534 nomen
409 2468 588 2537 Pellenieis
618 2467 768 2536 chinonis
797 2465 906 2553 dedit,
942 2485 1026 2553 quus
1056 2467 1090 2550 in
1128 2469 1365 2536 uertuminihus

108 2573 118 2587 ”
260 2567 396 2656 praemii
415 2567 490 2636 loeo
510 2567 749 2656 proponebant
773 2563 848 2655 (Gi,
868 2567 1036 2635 lllunnert
1058 2566 1152 2654 VIII,
1172 2571 1245 2634 804.
1267 2588 1366 2656 quern
1437 2541 1438 2596 Τ

260 2667 345 2735 iulso
366 2667 529 2735 intellexit
548 2669 708 2758 Helving.
728 2668 751 2734 Ι.
774 2685 803 2734 e.
823 2689 854 2756 p.
875 2669 951 2757 48.)
994 2665 1146 2754 Denique
1167 2669 1265 2737 situm
1289 2677 1366 2737 eret

259 2769 296 2836 in
316 2786 403 2858 egro
423 2769 684 2856 Pellenensium,
709 2767 799 2837 houd
819 2770 936 2857 procul
955 2769 999 2836 oh
1029 2769 1111 2835 urhe
1141 2769 1279 2850 Pellene
1306 2789 1364 2836 re-

261 2874 401 2958 motum,
423 2867 543 2939 Oluros
565 2871 755 2959 nusiellum,
776 2869 863 2958 quoul
880 2870 1007 2941 Plinius
1028 2867 1113 2958 (IV,
1125 2865 1181 2960 h.)
1203 2867 1246 2936 od
1259 2887 1365 2956 mare,

261 2969 443 3038 Muellerus
463 2990 545 3039 vero
567 2969 671 3063 (Dor.
691 2973 745 3060 Il,
765 2969 919 3058 Imm
933 2972 1021 3064 jnipis
1041 2970 1168 3057 Bryehi
1188 2970 1295 3038 amnis
1318 2971 1365 3037 si-

261 3073 330 3135 tnm
356 3069 459 3138 inisse
486 3073 642 3160 affirmet,
670 3091 778 3159 neque
809 3077 921 3138 tumen
949 3069 993 3138 nd
1022 3065 1208 3159 flryeh‘um,
1236 3069 1300 3138 sod
1322 3068 1365 3137 ud

172 3219 179 3224 -
261 3169 487 3238 Helissontom
513 3174 642 3262 potius,
670 3173 728 3240 vel
747 3173 834 3238 inter
854 3172 942 3238 hune
963 3175 997 3236 et
1017 3171 1148 3238 invium
1168 3167 1312 3258 Sythem
1333 3172 1366 3236 in

199 3346 201 3350 ,
260 3287 381 3359 meppn
411 3289 474 3338 sun
502 3273 621 3361 posuit.
672 3273 722 3339 nt
750 3271 878 3348 Plinium
906 3289 1004 3358 quum
1034 3253 1196 3338 Pellenen
1225 3292 1365 3358 prorsus

173 3396 178 3408 ¹
262 3372 389 3438 omittet
415 3391 524 3458 neque
554 3372 590 3438 in
615 3369 835 3440 desonhendn
859 3371 924 3440 huo
945 3387 1006 3438 oro
1025 3371 1186 3438 maritime
1206 3377 1365 3440 ooeurote

261 3469 422 3559 procedet
443 3473 500 3561 (v.
513 3473 680 3540 Munnert.
695 3472 789 3560 VIII,
802 3469 911 3562 Isth),
933 3467 1019 3557 quud
1032 3471 1139 3558 ipsum
1151 3472 1262 3545 Meloe
1280 3469 1365 3560 quo·

263 3589 328 3656 que
348 3575 534 3662 imputetur,
554 3575 621 3640 inm
641 3572 684 3640 de
698 3571 791 3640 illuri
811 3574 921 3662 positu
941 3570 1004 3638 sub
1023 3568 1131 3648 iudiee
1151 3572 1192 3638 lis
1207 3572 1363 3638 manebit
1431 3591 1437 3610 ·

262 3669 389 3739 Verum
416 3672 503 3740 idem
531 3691 670 3762 pervum
698 3673 849 3741 Aeheiue
881 3669 1032 3760 oppidum
1059 3673 1116 3740 vel
1138 3672 1310 3740 enstelluun
1330 3673 1365 3736 in

262 3769 508 3840 Pellenennium
547 3775 713 3842 terrItorio
743 3775 848 3842 fuisse
877 3773 1008 3841 dubium
1037 3791 1116 3840 esse
1145 3793 1213 3839 non
1243 3775 1364 3860 potest,

264 3889 361 3958 quum
382 3873 571 3963 Xenophon
592 3893 719 3962 quoque
740 3877 774 3942 in
794 3875 977 3944 Hellenieis
1005 3873 1112 3962 (VII,
1133 3877 1165 3962 I,
1187 3869 1262 3961 1⁷.)
1292 3871 1363 3940 eiu's

262 3971 364 4050 fneiet
393 3977 591 4043 mentionem
622 3974 824 4064 eundemque
854 3976 962 4056 loeum
992 3973 1185 4062 Stephanus
1212 3971 1253 4037 Β.
1280 3991 1311 4037 s.
1330 3991 1378 4038 v.-

259 4062 431 4161 Ὀλουρος
451 4075 585 4144 excitet.
