2864 4960
484 287 891 390 -109-'

161 506 380 576 coniecturas
410 523 491 594 yero
509 505 606 591 quod
633 508 766 594 attinet,
794 507 908 594 quihus
929 513 1085 583 maiorem
1105 516 1177 586 dis-

78 609 254 695 putationis
279 624 361 674 suae
382 611 509 693 partem
529 609 749 694 superstruxit
776 608 905 698 Lucas,
931 631 1027 698 quum
1049 635 1092 683 ne
1113 637 1175 685 au-

79 715 204 774 ctorem
224 704 353 792 quidem
375 723 487 772 earum
495 707 709 793 pertinaciter
720 708 762 772 iis
775 709 981 778 insistentem
995 713 1175 808 videamus,

79 810 195 895 quippe
227 807 282 892 qui
313 805 564 892 explicationem
594 823 687 872 suam
714 808 947 877 vocabulorum
974 811 1033 880 ἐπὶ
1061 811 1176 886 ποσὸν
1202 823 1215 879 “,

18 921 19 930 “
79 905 120 998 (l.
143 926 172 972 c.
195 929 227 993 p.
250 907 301 969 15.
322 903 364 972 de
386 906 500 991 quibus
521 924 623 994 supra
650 908 803 994 egimus)
832 911 992 978 incertam
1013 915 1176 984 lluetuan-

78 1015 217 1094 temque,
239 1013 273 1072 et
295 1008 567 1094 comparationem
586 1007 714 1094 Polybii
736 1027 808 1074 cum
830 1009 1032 1101 Thucydide,
1049 1017 1176 1106 Tacito,

79 1108 237 1173 lluellero
259 1125 380 1173 vanam
401 1125 442 1172 ac
463 1112 588 1173 temere
608 1109 716 1194 potius
737 1113 897 1174 tentatam
918 1129 1007 1200 esse,
1026 1117 1098 1204 ipse
1121 1118 1176 1186 vi-

80 1205 170 1292 derit,
193 1207 345 1274 lubenter
374 1205 501 1274 missas„
524 1204 669 1271 facimus.
712 1201 796 1286 Quid
817 1209 903 1274 enim
923 1211 1177 1302 impediatque-

81 1308 183 1398 minus
208 1308 401 1394 scriptorem
432 1311 577 1372 ceterum
609 1305 761 1372 veritatis
789 1310 1043 1378 amantissimum
1077 1316 1176 1381 animi

84 1409 177 1472 etiam
202 1407 372 1473 affectibus
401 1423 514 1494 parem
541 1406 645 1472 fuisse
676 1405 873 1494 eosdemque
891 1410 988 1480 'ieliei
1016 1431 1176 1482 successu

82 1508 266 1572 coercuisse
293 1506 497 1572 arbitremur.
543 1505 591 1571 At
615 1511 669 1571 est
695 1523 779 1573 sane
805 1509 966 1594 quaedam
993 1529 1176 1602 argumen-

81 1605 168 1672 tandi
188 1608 284 1694 ratio,
306 1624 400 1693 quae,
422 1608 451 1672 si
472 1627 570 1673 unum
590 1607 773 1674 alterumve
794 1614 1020 1700 concesseris,
1052 1615 1178 1682 senslm'
1292 1689 1294 1694 ,

80 1706 296 1794 procedendo,
317 1708 459 1796 singidis
480 1707 625 1796 singula,
646 1709 774 1775 etiamsi
793 1710 878 1775 falsa
893 1711 1023 1801 hierirrt,
1037 1715 1175 1781 subiun-

80 1807 197 1896 gendo,
220 1809 277 1874 uel
296 1809 431 1875 inuium
450 1809 578 1876 irretiat
597 1811 826 1894 incautumque
846 1810 948 1876 sallat.
984 1807 1094 1892 Quare
1111 1815 1176 1880 iam

80 1907 239 1996 attendas,
260 1927 315 1996 ne,
337 1927 420 1996 quae
441 1915 475 1976 et
496 1908 539 1978 de
560 1911 695 1978 consilio
718 1915 752 1976 et
768 1919 913 1998 tempore
931 1917 965 1980 et
979 1921 1175 2001 argumento

81 2010 283 2076 historiarum
303 2009 557 2096 Polybianarum
578 2011 855 2098 circumferuntur,
873 2012 908 2077 in
929 2031 1002 2078 eum
1023 2021 1058 2080 te
1079 2033 1181 2082 erro-·

81 2127 146 2174 rem
165 2108 338 2198 inducant,
365 2117 400 2176 ut
420 2111 551 2175 summis
572 2110 719 2198 proiecto
741 2127 854 2197 parem
866 2109 1174 2202 historiographum

81 2205 170 2276 tidem
190 2211 428 2296 veritatemque
449 2211 591 2279 laesisse
610 2209 666 2294 vel
687 2210 804 2277 nolens
825 2211 978 2277 atlirmes.

264 2341 266 2346 v
308 2314 338 2375 2.
360 2312 601 2399 Argumentum
623 2313 732 2398 operis
753 2309 934 2397 Polybiani.

155 2409 284 2496 Polybii
302 2413 510 2478 narrationes
523 2410 745 2498 historiaeque
759 2409 1000 2478 describendae
1012 2397 1173 2480 rationem

83 2507 159 2594 quod
180 2513 309 2598 attinet,
330 2529 426 2577 nemo
448 2529 531 2578 sane
552 2513 625 2599 erit,
648 2513 724 2598 quin
746 2530 804 2578 eas
825 2516 980 2597 tanquam
1000 2514 1173 2600 primarios

82 2609 159 2675 illius
179 2611 337 2698 temporis
357 2611 564 2678 historiarum
584 2613 692 2680 fontes
713 2611 844 2698 iudicet,
861 2615 1058 2700 praesertim
1077 2634 1173 2700 quum

82 2708 230 2798 Polybius
250 2711 324 2798 ipse
344 2717 423 2778 ante
443 2731 565 2778 annum
585 2710 722 2779 CLXV.
744 2729 899 2776 summam
917 2730 1028 2784 rerum
1045 2712 1172 2778 Achai-

83 2827 187 2876 carum
197 2803 463 2878 'admmisbaret
496 2817 537 2878 ac
564 2811 810 2899 moderaretur,
843 2830 950 2898 neque
978 2809 1082 2878 solum
1111 2830 1183 2878 au·¹
1243 2873 1250 2884 .

83 2908 194 2978 diendo
214 2912 271 2977 vel
291 2910 435 3000 legendo
463 2931 520 2979 res
540 2919 608 2980 tum
636 2919 756 3001 gestas
776 2913 975 3000 perciperet,
1004 2911 1066 2979 sed
1093 2933 1173 3001 pro-

83 3013 166 3099 priis,
186 3016 223 3076 ut
236 3012 290 3078 -ita
310 3009 458 3100 dixerIm,
479 3015 582 3080 oculis
602 3013 781 3100 inspiceret
801 3030 1027 3099 praesensque
1042 3031 1173 3102 cogno-

84 3115 201 3202 sceret,
230 3129 340 3198 neque
369 3115 433 3180 erit
458 3114 618 3201 profecto·
635 3113 820 3199 quisquam,
848 3113 940 3199 quin,
962 3115 1015 3204 qui
1037 3115 1174 3202 cognita

85 3209 350 3298 considerataque
369 3215 502 3300 Lucae,
533 3212 713 3282 doctissimi
742 3213 824 3300 viri,
853 3211 1044 3300 diligentia,
1077 3229 1183 3298 quam·

83 3308 151 3376 huic
174 3311 349 3398 Polybiani
374 3315 484 3400 operis
514 3315 599 3400 parti
626 3310 802 3400 impendit,
833 3331 1003 3396 meamque
1036 3314 1172 3398 insuper

84 3408 397 3479 dissertatiunculam
417 3412 723 3503 (UeberPolybios
737 3411 958 3498 Darstellung
971 3409 1173 3508 desonhai-
1215 3441 1216 3446 ¹

85 3512 181 3578 schen
201 3509 358 3604 Bundes)
387 3513 586 3602 inspexerit,
620 3512 739 3578 infitias
768 3513 818 3577 ire
850 3516 1003 3597 conetur,
1033 3509 1173 3577 eundem

83 3609 244 3698 Polybium
264 3619 298 3679 et
317 3616 465 3681 externis
485 3619 519 3680 et
540 3613 694 3698 internis,
720 3625 805 3696 quae
825 3608 989 3694 dicuutur,
1017 3607 1183 3692 subsidiis¹
1281 3681 1284 3690 ,

86 3714 159 3778 satis
186 3711 289 3780 inisse
315 3715 509 3780 instructmu
536 3707 876 3801 adconscribendam
895 3710 1023 3778 illorum
1043 3715 1172 3797 tempo-

86 3830 150 3877 rum
168 3812 351 3901 historiam,
380 3831 488 3899 neque
508 3815 612 3879 solum
632 3811 668 3878 in
687 3809 890 3897 praelatione
917 3809 1026 3896 operis
1046 3812 1098 3874 sui
1118 3809 1171 3900 (l,

86 3910 113 3998 2,
130 3909 194 4004 4,),
215 3911 275 3978 sed
296 3914 393 3980 etiam
414 3913 446 3978 in
468 3929 568 3998 opere
589 3913 661 3998 ipso
687 3907 843 4003 (linea.
865 3901 951 3999 cet.)
977 3910 1172 3996 promissam

87 4013 325 4100 pragmaticam,
346 4031 431 4098 quae
451 4015 608 4097 vocatur,
629 4011 799 4075 historiam
820 4025 956 4094 eamque
976 4002 1170 4095 καθολικὴν

89 4119 138 4177 καὶ
157 4107 272 4199 κοινὴν
293 4113 450 4198 ἱστορίαν
472 4107 590 4203 svm,
609 4113 641 4198 4,
663 4113 712 4206 lla
735 4109 808 4174 coll.
828 4109 890 4194 Ill,
909 4110 962 4193 82,
982 4109 1013 4172 d.
1033 4101 1194 4198 Balla).

89 4219 305 4306 nmeupatam,
320 4230 404 4300 quae
417 4211 451 4280 in
464 4229 575 4278 rerum
589 4213 761 4298 gestarum
773 4209 900 4276 ratione
920 4211 1020 4294 atque
1041 4209 1170 4274 caussis
