2902 4956
508 341 805 430 ..29¹-

472 580 595 652 eaput
613 583 835 640 mundun.
934 599 938 612 ·

97 767 102 780 ,
235 765 237 769 ,
292 703 425 767 Urbium
452 701 591 766 Achaiae
618 703 809 785 singularum
836 701 1019 786 descriptio.

178 909 320 976 Terrae
339 909 528 993 urbiumque
547 905 768 974 Achaicamm
795 905 1047 996 descriptionem
1077 859 1200 978 Strabo

90 1004 222 1096 (Vm,
246 1005 303 1094 7.)
324 1007 419 1083 nohis
440 1012 474 1072 et
482 1006 667 1072 Pausanias
687 1005 789 1096 (VII,
808 1009 858 1072 17.
872 1002 968 1098 sqq.)
988 1009 1200 1099 reliquerunt,
1330 1083 1333 1096 ¹
1374 1062 1376 1072 .

88 1125 134 1171 ex
157 1107 460 1194 quorumscriptis
481 1111 629 1174 nostram
658 1108 866 1194 composituri
895 1126 1006 1174 snmus
1034 1113 1200 1178 narratio-

87 1225 193 1296 nem,
236 1209 267 1272 si
295 1209 387 1294 prius
416 1205 458 1272 de
486 1207 655 1293 utriusque
682 1203 748 1283 fide
776 1211 875 1292 atque
904 1208 1099 1278 auctoritate
1127 1229 1201 1280 oum

1 1303 2 1310 ’
86 1307 264 1374 historica
283 1313 351 1374 tum
371 1307 600 1395 geographica
618 1323 726 1394 pauca
745 1306 972 1374 monuerimus.
1264 1315 1267 1322 '

531 1473 535 1484 ’
611 1492 693 1585 sa

527 1625 743 1690 Pouscmca
825 1607 831 1628 ¹

178 1761 241 1828 Ad
270 1762 457 1829 Pausaniae
484 1763 585 1830 hhros
613 1763 804 1852 progressis
833 1761 930 1830 nohis
958 1762 1108 1832 indicium
1134 1767 1226 1834 iant·

89 1861 125 1926 in
139 1868 280 1948 promtu
295 1868 364 1950 est,
387 1882 482 1948 quum
495 1849 784 1929 dissertatiuncula
805 1864 821 1945 (
828 1861 1007 1930 EinWort
1020 1865 1199 1932 iiherl’an-

92 1964 233 2048 sanias⁷
247 1961 432 2028 besonders
445 1961 682 2048 inBeziehung
659 1962 754 2026 vaus
764 1961 1198 2050 einzelneBegebenheiten
1222 2033 1228 2056 ⁸

92 2056 156 2127 des
166 2059 543 2128 AcharschenBundes
557 2062 649 2124 1828.
664 2079 717 2147 ap.
725 2060 819 2126 Iahn.
830 2060 1112 2146 inEphemeridib.
1122 2063 1198 2160 phi-

94 2159 150 2224 iol.
162 2161 312 2250 paedag.
320 2135 434 2250 Suppi.
443 2161 481 2225 Τ.
492 2162 519 2227 Ι.
534 2161 634 2226 Fasc.
646 2162 675 2224 2.
684 2162 776 2224 1832.
770 2182 817 2248 p
810 2158 1029 2250 ..tw-29⁰)
1044 2168 1122 2228 ante
1137 2149 1198 2228 hos

95 2261 244 2347 quinque
265 2280 371 2328 annos
393 2261 612 2348 conscripta
601 2261 664 2348 ipsi
693 2261 758 2325 iam
773 2255 1035 2343 demonstrasse
1062 2257 1198 2326 contidi-

95 2377 188 2450 mns‚
210 2361 429 2438 Pausaniae
418 2381 452 2425 m
472 2361 572 2427 rehus
592 2361 757 2428 historicis
777 2333 873 2425 tidem
893 2357 950 2426 vel
976 2359 1114 2447 nullam,
1143 2361 1200 2428 vel

97 2463 169 2525 tum
190 2459 322 2526 demum
342 2460 491 2545 ahquam
503 2458 751 2526 existimandam
764 2477 859 2546 esse,
880 2458 974 2526 siah
994 2459 1034 2526 iis
1055 2460 1199 2548 scripto-

98 2558 210 2646 ribus,
233 2579 316 2645 qnos
330 2559 518 2646 inspexisse
532 2579 571 2626 se
585 2561 743 2648 affirmet,
766 2561 883 2646 quique
896 2577 940 2625 ex
953 2566 1089 2628 nostrae
1103 2567 1199 2627 aeta·
1305 2607 1308 2618 -

98 2657 141 2723 tis
164 2659 283 2725 critica
296 2660 424 2724 ratione
438 2679 498 2746 pro
512 2659 654 2726 fontibus
674 2678 714 2726 re
733 2677 817 2726 vera
831 2658 946 2725 haberi
957 2663 1111 2747 possint,
1132 2680 1199 2726 non

101 2752 254 2826 discedat
274 2777 382 2845 neque
403 2757 587 2826 dissentiat.
628 2760 766 2829 Multum
785 2759 841 2826 illc
855 2757 984 2845 q'uidem
1003 2779 1064 2847 per
1084 2761 1199 2826 varias

99 2863 210 2925 terras
231 2860 466 2947 peregrinatus
487 2861 613 2926 Romae
632 2857 803 2927 Hadriano
825 2863 860 2925 et
888 2859 1065 2926 Antoninis
1093 2860 1198 2946 impe·-
1219 2843 1222 2860 '

103 2959 253 3026 rantibus
273 2955 472 3048 περιήγησιν
493 2947 586 3026 snam
608 2961 667 3050 τῆς
683 2948 850 3035 Ἑλλάδος
869 2957 985 3025 decem
1002 2959 1094 3026 hhris
1108 2977 1199 3028 com-

100 3059 301 3154 prehensam
316 3059 473 3146 confeoit,
494 3059 548 3126 hic
561 3059 624 3146 ibi,
646 3061 822 3126 occasione
836 3057 957 3147 oblata,
976 3059 1130 3126 historias
1144 3053 1198 3126 in·¹
1313 3081 1322 3130 ,’

101 3159 243 3245 texens,
264 3158 395 3246 thus,
417 3161 447 3224 si
467 3160 603 3226 aliorum
623 3161 818 3248 scriptorum
832 3177 1029 3225 consensum
1048 3159 1199 3246 tulerint,

104 3258 333 3329 auctoritatem
352 3261 419 3325 n'on
447 3256 691 3348 denegaveris,
718 3277 883 3345 nunquam
911 3264 1022 3324 tamen
1049 3259 1091 3325 iis
1118 3278 1198 3324 usus

102 3352 201 3422 tueris
234 3354 278 3421 ad
306 3357 388 3425 ahos
417 3356 616 3424 refellendos
644 3375 686 3423 ac
714 3356 940 3447 corrigendos.
992 3359 1083 3424 Raro
1114 3358 1199 3423 enim

104 3454 265 3541 quamde
286 3475 324 3523 se
344 3458 496 3544 inuratur
516 3457 645 3546 difficile
666 3476 749 3525 sane
770 3457 859 3526 dictu
879 3464 949 3545 est,
971 3455 1048 3544 quid
1067 3458 1101 3523 in
1122 3457 1198 3522 uni-

102 3574 244 3623 versum¹
253 3574 298 3634 se
316 3560 549 3644 praestiturum
561 3557 795 3646 professns‘sit
816 3557 935 3644 quidve
949 3557 1097 3624 scrihere
1117 3577 1198 3644 pro-

102 3658 248 3772 posuerit
268 3662 303 3722 et
324 3677 418 3743 quem
438 3659 543 3725 finem
555 3659 757 3747 respexerit,
793 3657 988 3746 praesertim
1028 3675 1125 3743 quum
1155 3675 1199 3724 ex

103 3758 214 3844 operis
234 3757 339 3844 ipsius
360 3759 555 3873 argumento
574 3757 697 3848 frigida
716 3763 841 3825 tantum
867 3760 1097 3846 languensque
1118 3773 1199 3823 ocu-

102 3855 142 3920 lis
163 3856 289 3921 nostris
311 3874 389 3922 sese
410 3859 555 3924 offerat'
544 3875 654 3946 rmago
675 3860 747 3926 sine
756 3859 882 3943 nitore,
903 3863 960 3942 ut,
979 3857 1055 3942 quia
1074 3853 1117 3920 de
1139 3871 1199 3919 ca-

104 3955 215 4040 sibus,
238 3955 292 4044 qui
310 3957 599 4043 peregrinantibus
620 3961 753 4046 saepius
771 3958 879 4026 solent
892 3957 1028 4022 evenire
1048 3955 1198 4050 fontiniis,

104 4067 269 4139 nunquam
288 4055 448 4143 loquitur,
476 4075 533 4124 res
553 4077 635 4125 vero
655 4057 699 4123 ad
726 4056 967 4146 geographiam
994 4043 1198 4142 pertinentes

107 4171 172 4218 uon
193 4150 392 4220 eruditorum
410 4173 502 4222 more
523 4155 584 4222 sed
597 4157 730 4244 vulgari
749 4173 833 4222 sane
852 4157 980 4222 ratione
1000 4157 1132 4236 tractat,
1153 4167 1198 4215 ue
1297 4159 1300 4166 '

108 4249 182 4321 huic
202 4251 332 4342 quidem
347 4260 547 4348 'argumento
567 4256 777 4374 pel-consilio
791 4275 851 4326 suo
864 4253 1067 4326 satisfecisse
1079 4245 1197 4317 videa-
