2844 4952
505 341 775 470 -ιιι-

101 595 166 656 tere
191 589 329 676 posset,
365 583 441 670 quia
470 601 539 650 non
570 583 675 653 solum
704 585 806 672 longa
838 581 899 650 sed
928 561 1071 670 magnis.
1088 579 1185 650 etiam

98 685 338 872 pinppuptatibus
359 679 512 772 impedita
531 690 605 752 erat
623 684 681 752 via
701 679 809 774 (Plut
834 678 958 752 Cleom.
973 699 1003 750 c.
1016 683 1068 746 Ml.
1089 681 1183 750 Arat-
1219 798 1220 810 ἵ
1240 687 1241 692 ’

610 951 690 1014 .ὁὶ
804 971 808 978 ’

173 1070 240 1132 Rea
261 1074 336 1132 utute
350 1084 493 1152 pugnarn
513 1065 560 1130 ud
583 943 751 1131 {aliculam
775 1069 965 1132 coranabaum
983 1039 1102 1152 pedae.

174 1183 315 1251 Interim
334 1181 538 1270 Argivorum
559 1181 639 1249 urbs
660 1181 703 1249 ab
724 1182 906 1250 Aristotele
920 1181 963 1248 ad
976 1181 1184 1250 Achaeorum

95 1301 208 1348 rursus
228 1286 343 1370 partes
363 1276 517 1362 traducta
536 1279 579 1348 ab
591 1282 699 1350 Arato
721 1289 757 1360 et
776 1281 955 1352 'Pimoxeno
976 1283 1010 1348 in
1031 1281 1184 1358 ditionem

94 1382 247 1470 recipitur
266 1378 379 1474 (Plut.
402 1375 524 1446 Cleom.
546 1397 575 1446 c.
595 1383 646 1446 2⁰.
667 1381 781 1471 Polyb.
801 1383 856 1471 ll,
877 1379 972 1472 hh),
994 1399 1089 1468 quum
1108 1381 1185 1447 Me-

91 1485 260 1572 gistonum
279 1497 302 1548 a
321 1477 499 1548 Cleomene
518 1480 658 1570 Argivis
679 1484 799 1550 auxilio
827 1484 961 1550 missum
980 1481 1103 1570 proelio
1129 1481 1184 1548 vi-

93 1584 222 1650 cissent
255 1583 425 1670 ipsumque
460 1572 668 1652 occidissent.
719 1584 849 1654 Deinde
885 1583 1080 1672 Cleomenes
1112 1581 1185 1668 ipse

92 1683 202 1772 signis
224 1682 267 1748 ab
287 1680 528 1748 Acrocorintho
549 1681 706 1772 sublatis,
736 1687 834 1772 quam
858 1683 1049 1772 Antigonus
1074 1682 1185 1748 statim

92 1782 220 1870 recepit
240 1785 473 1869 receptamque
501 1780 666 1869 praesidio
691 1782 848 1872 firmavit,
878 1785 994 1874 Argos
1019 1783 1186 1872 protectus
1268 1843 1270 1852 .

92 1888 156 1949 est.
206 1879 258 1948 lbi
284 1899 381 1968 quum
407 1877 451 1947 de
476 1887 582 1949 morte
608 1881 787 1971 Agiatidis
806 1884 917 1952 uxoris
949 1884 1070 1951 certior
1094 1886 1190 1950 esset

91 1983 201 2048 factrus
222 1987 256 2049 ct
276 1981 480 2068 Antigonum
501 1993 573 2047 cum
591 1982 740 2048 exercitu
754 1982 907 2050 celeriter
920 1983 1186 2071 appropinquan-

91 2087 160 2148 tem
181 2081 390 2168 conspiceret
411 2082 505 2166 quasi
525 2079 625 2147 rebus
645 2077 830 2168 desperatis
859 2081 1007 2148 omnibus
1034 2082 1187 2171 Argivo-

91 2199 166 2245 rum
185 2195 265 2246 arce
285 2179 403 2246 relicta
422 2178 558 2267 primum
577 2177 795 2266 Mantineam,
821 2175 899 2244 inde
919 2157 1077 2267 Spartam
1096 2177 1187 2266 abiit,

92 2277 183 2348 unde
209 2277 252 2346 ad
278 2279 501 2347 Ptolemaeum
535 2277 763 2368 Euergetam,
791 2277 1033 2367 Aegyptiorum
1058 2295 1186 2368 regem,

93 2378 334 2447 Cratesicleam
355 2385 492 2446 matrem
513 2383 547 2447 et
567 2379 664 2448 tilium
684 2399 778 2446 suum
798 2377 931 2448 obsides
951 2379 1048 2466 misit,
1069 2378 1187 2466 quippe
1315 2455 1319 2464 ,

91 2480 150 2565 qui
170 2479 234 2547 hac
254 2475 585 2548 tantum'conditione
606 2479 774 2549 Cleomeni
794 2499 889 2568 opem
909 2497 948 2546 se
961 2479 1100 2546 laturum
1112 2478 1187 2566 pol-

63 2581 67 2586 '
89 2579 202 2645 licitus
217 2587 309 2648 esset
323 2580 422 2665 (Plut.
437 2577 559 2648 Cleom.
581 2597 610 2648 c.
631 2581 781 2646 20-22.
802 2582 897 2646 Anat.
919 2595 948 2645 c.
969 2581 1045 2664 Ab).
1065 2578 1187 2666 Argivi

90 2681 360 2750 Aristomachum
381 2679 604 2749 crudelissima
624 2697 732 2769 poena
750 2678 897 2746 afficiunt
913 2678 1012 2763 (Plut.
1032 2676 1128 2744 Arat.
1156 2694 1185 2743 c
1319 2693 1324 2709 ‘

90 2783 146 2844 44
167 2779 283 2869 Polyb.
304 2781 432 2869 11,oa.
452 2783 504 2845 oo,
537 2781 649 2848 Lucas
676 2781 750 2846 lc.
770 2801 802 2868 p.
822 2781 875 2843 ao
916 2777 996 2845 Nun
1009 2777 1187 2844 'assentior
1262 2767 1269 2784 ’

89 2881 150 2970 iis,
174 2899 259 2967 quae
280 2878 463 2949 Schornius
483 2881 505 2948 l.
528 2899 556 2947 c.
577 2903 608 2969 p.
631 2881 702 2945 118.
722 2879 767 2944 Ν.
789 2879 992 2970 coniectat),
1071 2937 1075 2947 ,

179 2982 370 3071 Antigonus
390 2983 495 3070 Argia
516 2994 629 3048 omnes
650 2985 864 3070 tyrannorum
885 2983 1024 3066 statuas,
1045 2993 1129 3064 quae
1142 2977 1186 3048 ab
1314 3028 1317 3036 ,

91 3083 202 3149 Arato
229 3083 375 3148 reiectae
407 3086 521 3168 erant,
551 3080 667 3168 reponi
691 3084 726 3145 et
755 3076 904 3148 Corinthi
931 3082 1065 3166 praeter
1089 3095 1187 3144 unam

92 3182 193 3248 Arati
214 3182 322 3247 everti
342 3180 431 3248 iubet
457 3181 559 3259 (Plut
581 3182 676 3248 Arat
698 3197 727 3245 c.
747 3181 833 3256 Aa).
861 3175 1060 3267 Cognosces
1080 3178 1114 3243 in
1134 3178 1186 3244 his

92 3282 194 3348 Arati
222 3281 377 3368 amicum,
410 3282 464 3366 qui
494 3300 563 3349 non
591 3282 696 3348 solum
727 3279 849 3346 auxilia
877 3280 1003 3344 laturus
1028 3276 1187 3364 Achaeis,

92 3379 157 3447 sed
184 3382 319 3448 iniurias
351 3381 471 3470 etiam,
504 3381 620 3468 quibus
649 3377 853 3446 Macedones
880 3377 989 3443 affecti
1020 3380 1117 3442 erant
1141 3376 1185 3441 ab

91 3479 261 3568 Achaeis,
289 3481 415 3548 ulturus
441 3482 580 3548 venerit.
628 3476 784 3568 Polybius
811 3494 938 3564 quoque
957 3472 1045 3561 (IV,
1064 3475 1117 3538 ao.
1143 3473 1186 3562 V,
1217 3533 1218 3538 ,

92 3582 157 3668 1⁰,
176 3582 251 3669 c),
272 3587 417 3648 ceterum
437 3581 543 3648 Arato
564 3580 796 3665 amicissimus,
825 3576 971 3642 breviter
990 3591 1186 3641 commemo-

91 3685 169 3765 rat,
205 3685 359 3766 quantum
385 3678 449 3745 sibi
479 3680 707 3771 arrogaverit
721 3682 938 3766 quantumque
974 3672 1188 3763 derogaverit

96 3779 246 3849 Achaeis
271 3776 489 3846 Macedonum
516 3798 588 3846 rex.

179 3877 261 3946 Mox
283 3877 433 3966 Tegeam
453 3879 659 3968 expugnavit
670 3877 861 3965 Antigonus
881 3872 1109 3964 praesidioque
1128 3873 1187 3940 tir-

93 3979 216 4067 mavit,
238 3976 446 4046 Cleomenem
466 3980 500 4045 in
519 3979 593 4067 ipsa
612 3979 760 4045 Laconia
779 3973 909 4046 le'vibus
925 3976 1056 4064 proeliis
1076 3975 1187 4041 laces-

93 4081 193 4168 sivit,
214 4074 453 4146 Orchomenum
473 4083 508 4145 et
535 4078 737 4146 Mantineam
758 4077 852 4164 cepit.
898 4074 1089 4142 Acerrimas
1109 4079 1188 4140 tunc

94 4178 226 4295 quidem
250 4197 374 4267 poenas
402 4178 538 4245 luebant
571 4177 820 4244 Mantincenses
848 4180 984 4264 propter
1011 4169 1187 4261 perfidiam,

95 4279 193 4348 cuius
212 4297 315 4370 supra
333 4253 553 4370 meminimus,
572 4295 640 4346 non
660 4281 754 4346 recte
773 4291 796 4343 a
814 4273 952 4363 Polybio
965 4275 1082 4342 coutm
1093 4270 1186 4360 Phy-
